2117 2783
1002 152 1051 188 28

217 260 356 285 comma
386 251 537 297 positum
567 253 638 295 est,
674 257 740 296 pro
769 247 850 294 μηδ’
880 254 937 286 est
965 251 1015 297 μὴ
1039 250 1083 294 δ’,
1118 253 1198 285 ante
1229 251 1372 295 γεγονός
1398 251 1564 285 articulus
1594 251 1744 286 omissus
1773 255 1842 298 est,

216 320 316 350 recte
340 320 379 351 ut
401 315 540 351 videtur
563 314 817 359 assentiturque
844 316 1087 359 explicationis
1110 317 1255 362 initium,
1279 315 1363 350 dicit
1387 315 1481 350 enim
1504 314 1669 350 proclus:
1693 315 1737 349 τὸ
1757 316 1843 361 πρὸς

219 381 260 415 τῦ
285 377 396 414 ἀΐδιον
419 378 643 426 παράδειγμα
666 379 809 423 γεγονός
837 378 937 423 (sic)
962 382 1092 415 καλόν.
1129 381 1169 416 τὸ
1192 381 1275 429 πρὸς
1297 380 1439 425 ramniu
1462 381 1625 424 γεγονός,
1656 376 1698 414 οὗ
1720 380 1843 422 καλόν,

219 446 256 479 in
280 443 506 490 sequentibus
532 448 650 478 tamen
673 444 745 477 loci
768 444 976 478 sententiam
1000 445 1105 479 latius
1129 456 1325 492 exponens,
1360 455 1432 479 non
1449 446 1533 490 *ipsa
1556 444 1709 479 Platonis
1733 444 1846 480 verba

219 513 400 555 repetens,
424 510 539 544 minus
564 512 728 544 accurate
752 509 933 543 articulum
958 512 996 544 et
1019 513 1101 544 ante
1127 506 1241 545 ἀΐδιον
1264 511 1389 546 omittit
1412 514 1449 545 et
1471 509 1568 544 addit
1585 514 1665 544 ante
1690 510 1843 554 γενητόν.

220 574 258 611 P.
275 582 334 621 7⁰,
351 581 393 610 18
420 585 442 608 a
465 574 489 609 f.
516 571 593 616 ὅδε,
618 578 654 609 et
678 573 718 608 δέ
739 577 821 619 post
841 574 893 619 μή
918 575 1137 620 omittuntur,
1162 577 1260 610 artic.
1284 580 1365 611 ante
1389 575 1530 621 γεγονός
1553 574 1698 609 additur.

317 640 446 675 LRMMA
472 641 520 675 18
543 652 576 685 p.
594 646 662 675 100
687 639 845 674 continet
869 639 1000 675 verba:
1024 641 1127 674 παντὶ
1151 638 1527 690 ὃὴ-δεδημιούργηται
1550 652 1584 687 p.
1600 648 1645 676 29
1665 641 1708 674 Α.
1759 639 1845 675 Post

222 702 334 738 ἆΐδιον
362 714 499 738 comma
531 707 604 750 est,
640 708 723 750 post
752 705 949 748 γεγονότων
979 708 1162 750 punctum,
1198 709 1280 751 post
1308 707 1505 751 proximum
1529 705 1585 747 δὲ,
1619 705 1712 750 quod
1740 707 1845 750 plene

221 771 389 816 scriptum
414 774 486 816 est,
522 779 677 816 comma,
713 770 798 804 item
822 774 902 816 post
924 769 1009 817 πρὸς
1031 769 1091 814 τός
1115 780 1179 816 pro
1203 770 1409 817 περιληπτόν
1433 771 1563 806 omissa
1590 770 1845 816 praepositione

220 836 351 879 ληπτὸν
374 835 492 870 addito
517 839 710 881 commate,
747 834 875 870 deinde
899 835 1007 869 ταυτοὶ
1032 841 1068 870 et
1092 835 1394 884 δεδημιούργετᾳο,
1430 845 1495 882 pro
1523 846 1595 882 quo
1617 840 1734 871 tamen
1761 845 1847 870 vera

221 900 336 936 forma
352 901 390 935 in
408 901 644 947 explicatione
666 900 862 944 invenitur3
887 900 953 936 sed
977 901 1067 936 sitne
1088 900 1276 947 legendum
1299 900 1507 948 περιληπτόν
1534 910 1580 935 an
1609 900 1744 945 ληπτόνζ
1764 900 1846 934 inde

223 965 363 1000 ostendi
385 976 458 1000 non
481 970 614 1012 potest,
639 969 764 1000 neutra
787 966 881 1002 enim
904 966 1019 1002 sonna
1042 967 1210 1012 occurrit,
1233 966 1435 1012 typothetae
1455 970 1573 1001 autem
1591 966 1725 1001 incuria
1747 976 1846 1011 prae-

222 1031 433 1076 positionem
463 1041 544 1066 esse
574 1031 740 1066 omissam
776 1030 859 1066 inde
888 1031 1040 1066 fortasse
1068 1032 1186 1076 colligi
1208 1035 1341 1078 potest,
1377 1030 1471 1077 quod
1493 1032 1531 1065 in
1553 1032 1719 1077 περικοπῇ
1742 1040 1849 1075 quum

222 1096 354 1140 ληπτόν
381 1096 481 1130 initio
509 1096 625 1130 lineae
657 1096 811 1141 positum
840 1096 901 1143 sit,
938 1095 1112 1132 vocabulo
1141 1096 1301 1143 φρονήσει
1330 1095 1424 1143 quod
1455 1094 1698 1142 praecedentis
1734 1095 1849 1129 lineae

224 1161 385 1195 ultimum
409 1164 465 1194 est
487 1161 618 1194 lineola
640 1160 741 1205 quasi
765 1160 869 1195 divisi
892 1161 928 1195 in
951 1160 1103 1205 syllabas
1123 1160 1286 1197 vocabuli
1301 1162 1439 1206 signum
1457 1160 1602 1196 additur.
1651 1160 1690 1195 P.
1708 1167 1788 1204 109,
1801 1166 1846 1195 21

225 1235 247 1259 a
271 1224 297 1259 f.
324 1227 361 1259 et
383 1234 419 1269 p.
445 1230 529 1269 231,
556 1231 576 1260 9
602 1227 720 1269 partes
749 1224 920 1270 quaedam
947 1225 1052 1271 hujus
1079 1226 1151 1261 loci
1179 1224 1386 1272 afferuntur,
1423 1224 1488 1261 sed
1515 1225 1561 1260 ad
1589 1223 1850 1260 constituendas

224 1290 396 1324 lectiones
421 1288 504 1323 inde
527 1289 612 1322 nihil
636 1290 820 1323 lucramur.

322 1352 452 1388 Lanam
478 1353 524 1388 19
548 1364 581 1400 p.
600 1359 668 1388 102
685 1353 743 1388 lin.
765 1361 808 1389 14
835 1354 992 1390 continet
1014 1354 1146 1391 verba:
1170 1355 1303 1390 τούτων
1326 1353 1416 1390 δὲ·-
1431 1352 1574 1393 -τινὸς
1595 1350 1684 1388 εἶναι
1701 1365 1735 1400 p.
1750 1360 1797 1390 29
1815 1353 1850 1389 Α

227 1425 265 1455 et
280 1419 320 1455 B.
370 1419 456 1455 Post
480 1415 543 1461 αὖ,
569 1415 722 1463 ἀνάγκη,
745 1420 880 1464 κόσμον
903 1423 1086 1457 commatis
1109 1422 1381 1468 interpungitur;
1429 1431 1499 1468 pro
1518 1419 1617 1456 τόνδε
1640 1421 1702 1456 τόν
1723 1421 1850 1467 legitur

226 1486 288 1520 τόν
312 1484 349 1519 δὲ
373 1485 445 1518 τόν.

323 1549 453 1584 LBMMA
476 1548 526 1584 20
550 1559 586 1595 p.
607 1555 673 1584 102
696 1549 760 1587 lin.
784 1551 937 1594 paenult.
962 1551 1118 1584 continet
1141 1550 1272 1585 verba:
1320 1546 1665 1597 μέγιστον-ἀρχήν
1692 1561 1726 1596 p.
1750 1557 1796 1587 29
1821 1549 1852 1584 Β

227 1626 342 1662 neque
371 1614 507 1649 recedit
537 1625 559 1648 a
586 1613 740 1649 Bekkeri
767 1614 933 1649 lectione.
988 1614 1151 1649 Ceterum
1179 1616 1252 1649 noli
1280 1616 1326 1650 iis
1356 1615 1461 1649 fidem
1489 1614 1617 1650 habere
1646 1616 1706 1662 qui
1736 1615 1851 1651 Procli

230 1680 499 1726 disputationem
522 1679 567 1714 de
592 1679 625 1713 h.
650 1680 675 1713 l.
699 1680 759 1715 vel
783 1680 926 1714 elevant
947 1680 1007 1715 vel
1031 1680 1172 1714 elevare
1202 1690 1333 1725 cupere
1355 1679 1528 1715 videntur.

327 1743 458 1779 Lixum
481 1744 530 1779 21
554 1755 588 1789 p.
606 1750 674 1779 103
686 1745 746 1779 lin.
760 1751 806 1780 26
821 1744 977 1779 continet
992 1743 1124 1779 verba:
1148 1741 1217 1778 εὗδε
1241 1741 1550 1790 οὗν-διοριστέον
1572 1755 1605 1790 p.
1620 1751 1665 1781 29
1684 1743 1713 1780 Β
1737 1754 1852 1791 neque

230 1810 365 1847 recedit
389 1819 411 1844 a
435 1808 588 1844 Bekkeri
611 1809 789 1851 lectione3
812 1819 846 1855 p.
862 1814 920 1854 81,
934 1815 978 1843 21
998 1818 1020 1842 a
1038 1808 1066 1842 f.
1088 1809 1289 1843 memoriter
1311 1808 1369 1843 hic
1392 1809 1493 1843 locus
1517 1807 1669 1844 affertux.

324 1874 453 1910 Lam
477 1875 527 1910 22
549 1886 583 1921 p.
601 1875 742 1910 malin.
758 1873 854 1911 aas.
879 1874 1038 1908 continet
1058 1871 1262 1912 verbam&
1284 1870 1518 1920 ἄρα-ὄντας
1539 1884 1572 1919 p.
1585 1874 1686 1911 29Β.
1708 1874 1854 1910 Comma

228 1946 311 1989 post
333 1941 459 1985 λόγους
481 1940 666 1987 omittitur,
691 1938 819 1974 deinde
843 1936 1025 1984 δξηνηταῖ,
1049 1942 1087 1973 et
1110 1948 1211 1983 συγγ.
1221 1948 1286 1985 pro
1298 1940 1419 1983 ξυγγ.,·
1441 1939 1721 1984 inexplicatione
1733 1951 1766 1985 p.
1783 1946 1852 1975 103

230 2007 287 2042 fin.
309 2018 361 2054 sq.
386 2007 516 2042 vitiose
545 2006 673 2052 legitur
703 2004 757 2040 δεῖ
784 2004 847 2040 ὢν
875 2004 985 2049 λόγον
1014 2005 1162 2049 συγγενῆ
1191 2005 1264 2043 τοῖς
1289 2004 1496 2052 πράγμασιν
1523 2000 1612 2038 εἶναι
1641 2000 1693 2038 ὢν
1723 2003 1764 2049 δὴ
1792 2006 1853 2039 καὶ

231 2071 359 2114 ἔξεστιν
383 2070 564 2117 ἐξηγητήςς
589 2071 685 2107 conf.
709 2071 815 2106 etiam
838 2080 998 2117 prooem.
1021 2070 1262 2106 commentarii
1283 2081 1319 2116 p.
1338 2076 1372 2116 3,
1390 2075 1449 2106 28.

327 2136 456 2172 Imm
478 2137 528 2172 23
552 2148 586 2183 p.
603 2144 671 2173 10⁴
692 2137 849 2172 continet
872 2135 1005 2172 verba:
1028 2137 1092 2171 τοῦ
1112 2136 1181 2181 μὲν
1203 2132 1550 2170 οδν--ωείπων
1571 2132 1717 2180 μ29Β.
1767 2134 1853 2169 Post

228 2203 380 2249 βεβαίου
402 2212 539 2237 comma
563 2206 636 2249 est,
672 2203 757 2237 item
780 2206 862 2249 post
883 2203 1106 2247 καταφανοῦς
1132 2205 1170 2236 et
1197 2204 1279 2248 post
1304 2197 1416 2244 abac,
1449 2202 1531 2246 post
1553 2195 1723 2245 ἅμεταπτ.
1746 2200 1854 2235 inter-

228 2272 398 2315 punctum
421 2277 494 2301 non
517 2272 589 2313 est⁷
612 2268 738 2302 deinde
753 2279 764 2301 z
786 2267 949 2302 καθόσον
970 2265 1081 2301 amm
1112 2263 1386 2310 ἀνελέγκτους-
1399 2266 1644 2309 λόγως-καὶ
1667 2262 1854 2309 ἄνικὴτονς,

230 2346 263 2370 τ.
288 2334 325 2370 δὲ
348 2331 431 2379 μηδ.
459 2331 535 2368 zm.
556 2331 598 2366 ni
620 2331 859 2380 παράδειγμα.
929 2331 971 2367 In
1007 2332 1259 2379 expli-wione,
1295 2341 1384 2379 quae
1419 2340 1504 2367 sane
1539 2331 1612 2378 legi
1647 2329 1751 2377 digm
1786 2336 1853 2377 est,
