2117 2783
1021 142 1069 178 20

232 251 361 287 graeca
397 241 442 275 ad
470 239 701 279 definiendum
730 238 845 274 Procli
878 241 997 275 locum
1033 250 1136 288 supra
1171 240 1298 286 scripta
1334 250 1372 275 re
1410 250 1496 276 vera
1531 241 1691 277 indicatis
1718 243 1852 288 paginis

233 307 396 342 editionis
425 305 654 341 Valderianae
685 303 875 350 leguntur?
925 316 1130 352 quamquam
1161 316 1248 353 quae
1285 306 1479 352 posteriore
1517 307 1599 357 loco
1634 308 1737 342 allam
1773 312 1853 342 sunt

233 373 360 418 pagina
384 371 533 404 indicata.
556 380 628 404 non
655 370 714 404 lin.
744 376 786 405 19
813 368 877 403 sed
900 369 960 403 lin.
988 376 1033 405 2ss
1060 372 1290 407 inveniuntur.
1365 370 1437 406 Sed
1462 381 1506 405 ea
1529 368 1653 417 verba,
1689 370 1784 418 quod
1807 381 1854 406 ex

233 437 385 473 indicato
414 435 617 482 paginarum
645 434 767 470 ordine
792 434 894 469 facile
920 435 1138 482 intelligitur,
1167 447 1238 471 non
1267 437 1304 471 in
1326 437 1574 471 commentario
1602 437 1648 471 ad
1671 436 1853 473 Timaeum

233 501 298 536 sed
322 502 360 536 in
384 499 683 536 dissertationibus
708 500 752 535 ad
775 499 933 535 Politiam
971 499 1094 542 (sexta
1123 504 1159 535 et
1188 506 1289 536 sexta
1313 502 1467 546 decima)
1504 503 1681 548 leguntur,
1718 506 1756 537 et
1781 512 1855 538 non

232 570 366 602 tantum
391 566 642 601 dissertationis
666 565 730 600 sed
753 575 799 600 ne
822 564 958 611 periodi
975 564 1113 611 quidem
1138 566 1241 601 ullius
1266 568 1325 602 vel
1341 568 1473 602 initium
1489 567 1548 603 vel
1563 566 1668 602 finem
1685 566 1850 603 efficiunt.

233 633 275 668 In
299 630 458 667 omnibus
488 636 603 666 autem
635 641 741 677 supra
774 629 935 665 indicatis
970 629 1132 665 undecim
1166 629 1465 668 dissertationibus
1497 632 1640 668 Proclus
1671 632 1852 668 sententiis

235 696 440 743 quibusdam
470 706 492 730 a
523 696 668 731 Platone
702 697 740 730 in
768 695 913 731 Politiae
942 694 1029 729 libro
1059 694 1216 730 secundo
1245 699 1282 730 et
1310 698 1414 730 tertio
1442 699 1628 743 propositis
1656 703 1852 732 commotus

232 761 277 797 de
294 762 400 797 variis
417 759 523 796 rebus
540 759 688 796 Homeri
712 760 799 796 deos
824 764 860 795 et
883 760 1010 802 heroes
1034 758 1280 806 attingentibus
1304 759 1479 806 disputat3
1504 762 1620 810 itaque
1641 760 1853 798 additamen-

231 832 306 862 tum
337 827 422 861 illud
452 831 524 861 tam
552 827 650 860 initio
675 837 778 872 quam
807 825 876 860 fine
902 836 1025 860 carens
1050 826 1151 870 cujus
1174 829 1312 871 auctor,
1350 836 1557 873 quamquam
1579 829 1725 862 aliorum
1748 829 1853 862 etiam

231 891 490 928 Platonicorum
518 891 645 937 placita
674 891 711 925 in
737 889 907 935 judicium
935 894 1059 936 vocat,
1093 890 1245 925 maxime
1274 894 1392 925 tamen
1419 891 1457 925 in
1479 889 1607 927 Proelo
1635 891 1855 939 reprehendit

232 957 326 1002 quod
350 956 517 990 mundum
541 953 729 1002 ἄφθαρτον
753 955 880 990 dixerit
895 957 1137 1002 putaveritque
1154 955 1333 990 Platonem
1350 956 1506 1002 quintum
1521 957 1684 991 statuisse
1701 959 1853 992 elemen-

232 1026 325 1067 tum⁷
350 1020 525 1066 quomodo
550 1030 624 1066 pro·
639 1019 797 1055 Procleis
820 1020 889 1055 illis
915 1020 989 1055 dari
1012 1020 1163 1066 potuerit
1187 1020 1289 1066 plane
1313 1030 1385 1055 non
1407 1021 1518 1067 capio.
1581 1020 1744 1056 Ceterum
1768 1032 1854 1067 quas

232 1087 425 1121 sententias
448 1086 629 1132 impugnat
657 1085 883 1120 additamenti
910 1089 1032 1120 auctor
1062 1096 1126 1120 eae
1152 1085 1244 1132 apud
1267 1085 1429 1121 Proclum
1453 1087 1591 1133 saepius
1618 1087 1853 1133 inveniuntur,

231 1153 331 1188 velut
353 1152 391 1185 in
414 1151 597 1197 prooemio
622 1150 860 1185 commentarii
872 1161 906 1196 p.
922 1157 956 1197 3,
980 1151 1017 1184 in
1041 1151 1118 1196 ipso
1143 1151 1392 1186 commentario
1407 1162 1441 1198 p.
1456 1157 1501 1187 88
1515 1161 1587 1198 seq.
1600 1162 1635 1198 p.
1651 1158 1853 1203 152—157.

232 1228 306 1253 non
317 1221 435 1252 tamen
458 1217 523 1252 hos
548 1217 646 1263 ipsos
669 1218 768 1251 locos
793 1216 944 1263 spectari
967 1215 1010 1251 ab
1029 1226 1073 1251 eo
1090 1216 1180 1252 dico.
1230 1216 1308 1252 Jam
1325 1217 1357 1252 si
1373 1217 1511 1264 quaeris
1534 1215 1707 1254 benevole
1731 1218 1854 1264 lector,

232 1283 315 1329 quid
340 1293 387 1316 ex
410 1286 484 1316 tota
506 1283 572 1315 hac
598 1282 829 1327 disputatione
858 1282 1011 1315 lucratus
1036 1282 1101 1327 sis,
1138 1282 1241 1316 unice
1271 1282 1339 1316 hoc
1363 1283 1577 1316 intellectum
1600 1283 1708 1317 velim
1730 1293 1776 1316 ne
1800 1283 1853 1317 sic

230 1347 371 1393 quidem
401 1347 500 1392 sequi
528 1350 667 1392 praeter
690 1345 936 1380 Valderianam
967 1347 1071 1380 ullam
1099 1346 1201 1380 aliam
1234 1349 1354 1380 extare
1382 1345 1521 1381 Proclei
1549 1347 1788 1381 commentarii
1816 1347 1853 1381 in

230 1412 411 1446 Timaeum
428 1411 627 1445 editionem.
677 1411 716 1445 Si
740 1415 857 1445 autem
881 1411 998 1444 mirari
1014 1409 1123 1456 subit,
1147 1410 1322 1456 quomodo
1338 1414 1456 1445 tantus
1474 1411 1530 1446 vir
1545 1414 1675 1446 tantam
1696 1421 1854 1447 errorum

230 1476 366 1511 turbam
391 1477 485 1510 ciere
510 1476 677 1522 potuerit,
715 1485 782 1521 ego
808 1474 948 1521 quidem
973 1485 1114 1510 causam
1138 1474 1265 1510 afferre
1288 1485 1434 1522 possum
1456 1476 1608 1518 nullam3
1643 1476 1712 1511 hoc
1735 1479 1853 1512 autem

231 1543 307 1577 scio
327 1542 402 1586 jam
425 1541 635 1576 Morhofium
660 1540 713 1582 (in
736 1540 905 1584 Polyhist.
922 1542 1001 1586 phil.
1024 1549 1055 1587 1,
1071 1549 1104 1586 7,
1119 1549 1138 1576 5
1157 1552 1191 1586 p.
1207 1542 1270 1584 36)
1296 1541 1427 1576 dixisse
1451 1540 1568 1576 Procli
1591 1541 1853 1577 dissertationes

230 1607 267 1641 in
291 1606 446 1641 Platonis
476 1616 586 1651 remp.
611 1615 738 1651 graece
768 1605 923 1639 nondum
953 1615 1033 1640 esse
1066 1605 1198 1651 editas,
1237 1616 1385 1651 eumque
1416 1615 1571 1641 errorem
1598 1610 1719 1641 nostra
1747 1606 1852 1641 etiam

232 1675 346 1706 aetate
370 1671 408 1705 in
430 1670 518 1705 libro
543 1671 644 1715 cujus
668 1681 741 1705 non
764 1672 858 1705 nulla
883 1674 938 1705 est
962 1671 1151 1706 auctoritas
1175 1681 1255 1706 esse
1280 1674 1484 1713 recoctum3
1521 1671 1652 1706 rectius
1675 1680 1719 1706 ea
1743 1670 1788 1706 de
1811 1681 1852 1706 re

227 1737 399 1783 judicavit
423 1735 603 1770 Fabricius
626 1736 664 1769 in
686 1734 773 1770 Bibl.
791 1747 842 1780 gr.
862 1739 886 1770 t.
903 1742 922 1771 8
942 1747 975 1781 p.
992 1743 1060 1771 526
1079 1746 1153 1781 seq.

326 1800 480 1836 Ebertus
509 1801 546 1834 in
574 1799 662 1834 libro
694 1810 799 1845 supra
830 1799 922 1833 dicto
952 1810 974 1834 a
1003 1800 1067 1834 Th.
1093 1800 1248 1844 Tayloro
1275 1799 1392 1844 Anglo
1421 1802 1706 1835 commentarium
1734 1799 1850 1837 Procli

228 1868 266 1902 in
289 1866 471 1901 Timaeum
499 1865 538 1899 in
561 1865 730 1910 anglicam
758 1865 911 1911 linguam
941 1866 1141 1900 translatum
1165 1863 1312 1899 Londini
1339 1870 1432 1900 1820
1458 1863 1592 1900 duobus
1616 1863 1851 1902 voluminibus

229 1932 402 1977 prodiisse
426 1941 576 1976 eumque
606 1929 732 1965 librum
765 1933 801 1964 et
831 1930 875 1964 ad
902 1929 1145 1974 corrigendum
1174 1934 1210 1964 et
1242 1929 1286 1963 ad
1311 1930 1553 1975 explicandum
1577 1930 1693 1965 Procli
1715 1934 1848 1965 textum

229 1999 373 2032 multum
411 1996 573 2031 conferre
608 1995 769 2037 tradidit3
820 2005 889 2040 ego
921 1994 1061 2041 quidem
1085 2006 1198 2042 neque
1235 1995 1324 2029 hanc
1352 1995 1552 2030 versionem
1584 2005 1736 2041 unquam
1763 1995 1847 2041 vidi,

228 2073 342 2108 neque
358 2063 532 2097 Parisinae
559 2061 721 2096 editionis
737 2060 852 2095 Procli
876 2061 1128 2095 accuratiorem
1151 2059 1263 2095 habeo
1287 2060 1456 2094 notitiam.
1504 2059 1619 2094 Etiam
1635 2060 1721 2094 alios
1740 2059 1848 2095 libros

228 2128 389 2173 quamvis
416 2130 554 2171 optatos
582 2127 680 2161 velut
708 2125 824 2160 Procli
853 2126 1138 2160 commentarium
1167 2126 1204 2159 in
1231 2124 1494 2170 Parmenidem,
1529 2125 1589 2159 vel
1618 2125 1758 2159 omnino
1787 2126 1848 2159 vel

227 2191 414 2226 commodo
439 2197 533 2225 certe
557 2195 714 2236 tempore
738 2189 867 2225 habere
890 2200 962 2224 non
986 2191 1094 2236 potui.

324 2255 431 2298 Quod
459 2256 555 2300 ipsae
584 2266 643 2290 res
672 2255 716 2290 de
748 2254 873 2301 quibus
903 2255 1055 2301 disputat
1086 2254 1232 2291 Proclus
1261 2255 1465 2300 plerumque
1502 2254 1705 2289 acerrimam
1740 2254 1846 2289 animi

226 2323 455 2358 intentionem
478 2320 671 2367 requirunt,
696 2319 859 2367 quodque
885 2321 995 2354 oratio
1020 2320 1097 2365 ejus
1122 2330 1190 2355 nec
1214 2320 1314 2355 vario
1337 2319 1422 2354 fuco
1445 2317 1553 2354 libera
1578 2324 1615 2354 et
1636 2319 1741 2365 plena
1763 2329 1844 2355 ver-
