2117 2783
1027 116 1074 153 27

233 219 362 263 χαίροι.
411 213 516 257 Quod
534 224 567 259 p.
583 219 642 259 84,
659 220 699 249 11
722 212 825 249 dicit:
860 213 900 249 τὸ
923 214 1003 261 γὰρ
1018 211 1074 248 ὅτι
1096 215 1179 250 ποτὲ
1201 215 1262 248 καὶ
1285 212 1325 248 τό
1351 213 1483 258 δέχοιτο
1507 212 1718 256 λανθάνων,
1746 212 1853 260 ὕμνος

236 279 308 316 ἐστί
329 291 364 314 x.
387 290 418 313 τ.
443 277 471 313 5.
495 287 568 312 non
590 279 706 324 magni
728 279 896 314 momenti
920 283 984 313 est.
1045 277 1201 314 Affertur
1223 280 1280 314 hic
1304 281 1404 314 locus
1429 280 1533 315 etiam
1557 280 1594 313 in
1617 279 1851 315 additamento

236 345 453 381 Scholion-um
481 343 519 377 in
548 342 635 379 Tim.
662 343 705 379 de
737 355 807 391 quo
837 354 942 389 supra
970 343 1040 378 dixi
1069 356 1103 390 p.
1127 352 1172 380 96
1198 344 1253 380 ed.
1284 342 1429 379 Londin.
1463 344 1521 379 ubi
1550 355 1614 391 pro
1644 344 1687 389 δή
1717 349 1772 380 est
1800 344 1849 387 δὲ,

232 410 364 455 reliqua
387 417 410 442 a
432 406 583 443 Bekkeri
605 409 754 443 lectione
779 417 851 442 non
874 408 1050 443 recedunt.

328 473 457 510 an
483 474 526 509 11
551 486 587 521 Ρ.»
601 482 645 513 84
672 474 828 509 continet
850 473 958 510 verba
982 476 1330 516 σκεπτέον-σκοταῖοι
1341 486 1374 521 p.
1390 480 1435 511 28
1448 474 1488 509 Β.
1514 474 1689 511 omittitur
1713 474 1743 509 δ’
1765 480 1848 511 ante

231 537 291 575 οὖν
313 549 428 585 neque
453 539 530 585 ejus
553 540 741 586 particulae
765 540 802 573 in
826 541 1057 586 explicatione
1073 541 1111 575 fit
1127 541 1273 586 mentio,
1298 550 1369 574 non
1385 544 1502 575 tamen
1519 540 1598 574 hinc
1615 544 1713 575 recte
1731 542 1847 586 colligi

231 608 348 651 potest
377 603 538 640 Proclum
568 615 607 639 re
638 614 724 640 vera
756 614 834 640 eam
863 615 934 640 non
963 604 1146 651 habuisse,
1184 605 1248 640 sed
1271 605 1362 640 haud
1387 604 1491 640 dubie
1517 606 1577 640 vel
1600 606 1658 651 qui
1682 605 1844 641 codicem

231 670 368 715 scripsit
391 671 451 705 vel
473 669 657 715 typotheta
685 670 807 706 vitium
836 671 1017 705 commisit.
1068 670 1138 705 Pro
1162 667 1184 704 ὃ
1206 681 1270 717 περ
1293 671 1419 716 legitur
1442 681 1512 705 uno
1535 669 1646 706 verbo
1671 668 1766 718 ὅπερ.

325 734 453 769 IAEMMA
479 734 525 769 12
549 745 582 781 Ρ.
603 741 647 771 84
672 735 729 769 lin.
752 742 795 771 14
821 745 843 769 a
866 735 890 770 f.
917 736 1074 770 continet
1096 734 1227 770 verba:
1265 723 1658 782 πότερον-ἀρξάμενος.
1682 747 1716 781 p.
1731 743 1776 772 28
1802 736 1841 771 B.

228 798 313 833 Post
337 809 428 837 τινος
445 798 540 845 quod
563 803 729 835 accentus
757 800 894 845 signum
922 809 994 834 non
1022 801 1161 846 accepit
1189 804 1361 835 commate
1390 800 1646 846 interpunctum
1671 805 1740 846 est,
1779 801 1843 835 sed

227 866 348 898 contra
363 863 478 899 Procli
490 904 491 907 Ἴ
502 866 708 900 sententiam
723 876 758 901 v.
772 876 805 911 p.
821 871 879 911 87,
895 872 938 902 19
957 875 978 900 a
989 865 1014 900 f.
1028 876 1101 912 seq.
1148 864 1233 900 Post
1256 869 1398 909 γέγονεν
1421 864 1619 900 distinctum
1643 875 1714 899 non
1738 870 1800 900 est.

322 928 449 965 [ΜΛ
475 930 522 965 13
545 942 579 976 p.
595 936 639 966 86
665 931 723 964 lin.
740 937 783 966 14
810 940 832 964 a
855 930 879 964 f.
906 931 1062 965 continet
1085 929 1214 965 verba:
1243 929 1542 974 γέγονεν-ἐφάνη
1565 942 1598 976 p.
1614 937 1659 966 28
1683 929 1712 965 Β
1738 934 1774 965 et
1799 931 1839 965 C.

226 994 311 1029 Post
333 999 475 1039 γέγονεν
493 999 624 1040 puncto
648 994 848 1029 distinctum
872 998 944 1041 est,
967 996 1052 1030 item
1075 999 1157 1041 post
1180 994 1270 1039 ἔχων
1281 1000 1318 1030 et
1329 999 1408 1029 ante
1427 996 1471 1028 τὰ
1482 994 1539 1037 δέ,
1564 995 1689 1030 deinde
1703 993 1840 1029 ἅπαντα

225 1070 288 1105 pro
317 1060 451 1101 πάντα,
486 1058 568 1103 δόξῃ
597 1060 649 1095 sic
679 1060 754 1095 sine
786 1072 817 1102 a,
853 1064 929 1105 μετ’
959 1058 1154 1105 αἰσθήσεως
1187 1060 1318 1095 omisso
1351 1064 1522 1094 commate
1556 1060 1649 1106 quod
1680 1061 1838 1105 proxime

225 1126 395 1171 sequitur,
426 1124 575 1171 denique
599 1126 725 1169 γενητοὶ
748 1135 820 1159 uno
843 1137 874 1159 ν.

321 1188 449 1224 Lam
474 1188 521 1224 14
546 1200 580 1235 p.
596 1196 641 1226 9⁰
655 1191 810 1225 continet
826 1189 956 1226 verba:
982 1191 1032 1236 τῷ
1055 1187 1354 1233 δἀῧ-γενέσθαι
1369 1200 1402 1234 Ρ.
1419 1195 1464 1223 28
1479 1188 1516 1222 C.
1554 1187 1624 1223 Pro
1648 1184 1692 1221 αὖ
1714 1189 1840 1233 legitur

223 1251 284 1296 ἄν,
309 1259 346 1290 et
368 1258 450 1301 post
473 1256 590 1300 φαμὲν
609 1259 784 1292 ,commate
809 1255 1018 1291 distinctum>
1032 1259 1096 1291 est.

258 1357 263 1359 ,
317 1318 446 1354 LEMMA
470 1320 518 1354 15
541 1331 575 1365 Ρ.
596 1327 639 1355 91
667 1305 822 1355 continet
845 1320 974 1356 verba:
1024 1321 1084 1353 τὸν
1106 1321 1172 1363 μὲν
1195 1316 1427 1360 οὗν-λέγειν
1449 1328 1482 1363 p.
1502 1324 1547 1352 28
1576 1317 1614 1351 C.
1669 1317 1753 1351 Post
1777 1315 1837 1350 οὖν

221 1388 393 1419 commate
418 1384 616 1419 distinctum
641 1388 714 1431 est,
749 1386 834 1420 item
862 1389 943 1431 post
969 1385 1098 1422 παντός
1124 1388 1162 1418 et
1189 1387 1269 1429 post
1297 1381 1418 1428 ἔργον,
1455 1391 1519 1427 pro
1549 1381 1680 1419 πάντας
1708 1382 1835 1427 legitur

221 1447 393 1490 ἅπαντας,
418 1450 470 1483 sic
494 1450 599 1483 etiam
623 1461 656 1495 p.
673 1457 731 1495 94,
751 1457 794 1486 17
820 1460 842 1483 a
857 1450 883 1484 f.
908 1460 941 1494 p.
958 1456 1038 1494 1⁰5,
1060 1456 1102 1483 14
1121 1458 1142 1481 a
1160 1448 1202 1489 f.;
1227 1446 1306 1481 ibid.
1332 1447 1390 1480 lin.
1409 1454 1450 1482 17
1477 1456 1499 1480 a
1514 1446 1538 1480 f.
1565 1451 1620 1481 est
1643 1447 1776 1484 πάντας
1797 1452 1835 1482 et

219 1524 251 1559 p.
268 1519 350 1560 286,
364 1519 408 1549 21
435 1517 491 1548 est
516 1510 671 1555 ἅπαντα,
696 1513 742 1547 cf.
768 1523 856 1559 quae
880 1523 984 1558 supra
1008 1512 1052 1546 de
1077 1513 1110 1545 h.
1136 1513 1157 1544 1.
1184 1511 1276 1545 dicta
1300 1514 1390 1545 sunt.

314 1578 443 1613 Lami
469 1579 515 1613 16
539 1590 572 1625 Ρ.
587 1586 632 1615 97
658 1579 814 1613 continet
837 1576 945 1612 verba
969 1576 1047 1611 τόδε
1072 1573 1351 1623 δὀὖν-πρὸςτὸ
1367 1576 1509 1620 γὲγονός
1532 1586 1565 1622 p.
1579 1581 1625 1612 28
1640 1574 1680 1610 C.
1730 1575 1834 1611 Initio

219 1654 283 1689 pro
313 1642 391 1678 τόδε
419 1640 523 1677 δὀιῗν
547 1647 601 1678 est
629 1642 670 1676 τὸ
698 1639 794 1684 δἀὖ,
830 1652 968 1676 comma
995 1644 1076 1687 post
1103 1638 1210 1675 αὐτοῦ
1238 1641 1419 1687 omittitur,
1456 1650 1521 1686 pro
1558 1641 1754 1684 τεκταινόμ.
1779 1645 1835 1676 est
1860 1681 1862 1683 μ

217 1710 412 1752 remmom„
437 1708 563 1743 deinde
576 1707 697 1749 ταυτά,
720 1711 801 1753 post
816 1705 895 1750 ἔχον
910 1710 1080 1741 commate
1098 1706 1297 1741 distinctum
1313 1710 1377 1741 est.
1427 1705 1578 1741 Primam
1593 1706 1684 1740 illam
1702 1706 1832 1741 discre-

217 1773 367 1820 pantiam
391 1774 451 1808 vel
473 1772 676 1817 typothetae
700 1772 759 1806 vel
792 1770 927 1805 scribae
952 1772 1046 1806 vitiis
1070 1771 1362 1806 annumerandam
1387 1780 1468 1805 esse
1492 1771 1596 1805 facile
1620 1771 1830 1816 intelligitur,

215 1833 350 1873 meru'm
380 1838 473 1871 enim
500 1835 584 1869 fflud
612 1835 652 1868 τὸ
677 1845 759 1869 cum
787 1837 958 1870 sermonis
986 1846 1053 1870 usu
1082 1846 1189 1881 aegre
1220 1837 1436 1881 conciliatur,
1475 1839 1512 1870 et
1540 1832 1585 1869 αὖ
1612 1835 1643 1869 si
1675 1846 1714 1870 re
1744 1845 1829 1870 vera

216 1904 360 1938 Proclus
384 1899 560 1935 habuisset
583 1900 620 1932 in
645 1899 857 1944 singulorum
880 1898 1067 1934 verborum
1092 1901 1321 1945 explicatione
1347 1900 1398 1945 (p.
1418 1906 1476 1945 99,
1497 1906 1518 1934 6
1536 1909 1558 1932 a
1574 1899 1619 1942 f.)
1645 1910 1689 1934 eo
1713 1901 1826 1934 minus

215 1968 382 2003 omissum
406 1968 517 2011 esset,
542 1962 634 2010 quod
653 1963 697 1998 de
721 1964 827 1998 πάλιν
847 1963 1047 2009 disputatur.
1097 1963 1170 1999 Sed
1193 1964 1230 1998 in
1247 1964 1427 2010 participio
1444 1964 1563 1998 aoristi
1582 1965 1829 2009 τεκτηνάμενος

214 2033 399 2077 genuinam
422 2029 588 2065 habemus
606 2028 721 2064 Procli
743 2029 930 2064 lectionem
955 2038 1044 2074 quae
1069 2032 1106 2063 et
1127 2029 1164 2062 in
1188 2029 1400 2074 singulorum
1424 2029 1655 2073 explicatione
1680 2031 1829 2064 recurrit

215 2103 250 2132 et
273 2108 307 2143 p.
328 2103 372 2132 7⁰
397 2095 571 2132 invenitur
594 2093 653 2130 ubi
675 2094 734 2129 lin.
754 2100 800 2131 2ο
826 2103 848 2128 a
870 2093 896 2129 f.
921 2092 1030 2129 verba
1058 2092 1143 2141 πρός
1164 2092 1409 2141 πότερον-τὸ
1432 2094 1575 2137 γεγονός
1600 2103 1744 2140 prorsus
1775 2095 1827 2130 sic

213 2161 403 2197 afferuntur
425 2164 465 2195 ut
486 2164 566 2195 sunt
588 2161 625 2194 in
646 2161 818 2194 lemmate.

308 2226 436 2262 Lam
463 2226 507 2262 17
538 2237 571 2272 p.
593 2232 660 2262 10⁰
691 2211 847 2260 continet
875 2222 1005 2261 verba:
1054 2222 1088 2259 et
1106 2225 1173 2269 μὲν
1202 2220 1245 2269 δή
1261 2246 1300 2253 -
1315 2223 1400 2272 πρὸς
1428 2223 1468 2259 τῦ
1492 2225 1636 2270 γεγονός
1655 2235 1689 2270 Ρ.
1709 2231 1754 2260 29
1780 2225 1824 2259 A.

213 2291 281 2326 Pro
306 2289 364 2325 ’ὅδε
389 2290 409 2325 ὅ
432 2292 564 2334 κόσμος
591 2291 716 2335 legitur
747 2289 767 2323 ὁ
791 2290 894 2334 κῦσμ.
918 2287 976 2324 ’ὁδε
1006 2289 1124 2324 addito
1148 2294 1227 2336 post
1258 2287 1316 2323 ὅδε
1344 2294 1535 2335 commate,
1570 2293 1650 2335 post
1682 2287 1826 2333 ἔβλεπεν

1379 2346 1424 2376 4Ο
