2117 2783
985 132 1034 166 23

200 243 303 279 quem
332 234 462 266 vocant
492 229 621 264 docere
650 230 761 275 possit
788 231 839 265 ita·
871 227 1132 275 demonstrabo,
1169 233 1207 264 ut
1243 230 1377 274 singula
1412 229 1576 262 lemmata
1612 236 1658 260 ex
1694 225 1815 259 ordine

199 297 440 343 pervestigans
457 297 494 329 et
505 293 588 340 quid
599 294 796 341 discrepent
812 293 996 329 aBekkeri
1017 293 1240 340 lectionibus,
1265 294 1409 328 confero
1434 297 1551 327 autem
1574 290 1814 326 londinensem

199 362 404 404 editionem,
441 363 603 394 accurate
628 360 835 405 significem,
871 362 908 393 et
932 362 1095 405 quantum
1118 359 1355 395 necessarium
1379 358 1537 393 videatur
1566 368 1612 391 ex
1636 364 1813 390 commen-

198 427 287 463 terio
323 424 400 470 ipso
430 423 569 471 addam,
605 425 643 461 in
676 423 800 471 quibus
836 423 993 460 omnibus
1021 428 1138 460 tamen
1166 417 1338 460 1111100111
1366 434 1442 459 sum
1470 427 1627 468 acturus,
1664 425 1703 456 ut
1732 418 1815 466 quid

198 490 343 526 Procius
378 489 507 534 legisse
536 488 785 524 existimandus
818 490 864 524 sit
893 494 1057 536 quantum
1092 491 1204 535 possit
1238 479 1398 530 eluceat;
1447 487 1529 533 quid
1564 486 1646 520 inde
1680 486 1738 520 vel
1768 484 1812 518 de

198 554 369 590 editorum
393 553 569 599 diligentia
592 554 652 589 vel
675 553 719 589 de
744 553 904 589 codicum
927 553 995 589 fide
1015 553 1241 598 judicandum
1257 553 1418 589 videatur
1434 552 1510 598 ipse
1532 541 1674 586 statues.
1725 548 1813 583 Eam

198 620 236 653 in
263 628 339 652 rem
367 628 492 652 usurus
522 628 601 651 sum
628 619 726 652 initio
755 619 901 653 secundi
930 618 1009 652 libri
1039 619 1380 663 commentariorum,
1405 618 1464 663 qui
1488 615 1575 650 liber
1594 615 1745 660 pertinet
1769 614 1814 646 ad

196 684 349 719 Platonis
372 682 502 719 verba:
532 678 623 717 Ἀλλ’
642 680 672 717 ὦ
688 685 875 732 Σώκρατες
898 684 951 730 (p.
964 690 1009 720 27
1031 683 1077 726 C)
1102 687 1139 718 et
1162 693 1251 729 quae
1277 686 1466 729 sequuntur
1494 691 1605 728 usque
1635 680 1680 714 ad
1704 677 1814 714 verba

195 748 266 782 ἔστι
280 748 318 781 τὲ
329 750 389 780 καὶ
401 746 447 780 ἔτ’
461 746 556 780 ἔσται
568 748 618 793 (p.
635 755 677 783 31
692 748 751 791 Β).
791 749 1011 792 Singulorum
1022 750 1223 782 lemmatum
1235 746 1305 792 ubi,
1331 751 1368 781 ut
1392 748 1517 790 solent,
1543 746 1650 790 signis
1669 746 1705 777 in
1721 754 1811 777 mar-

194 814 275 858 gine
300 812 423 857 positis
446 815 565 845 notata
588 817 669 845 sunt
692 817 826 846 tantum
849 812 1008 857 paginas,
1032 811 1092 844 ubi
1109 812 1237 846 desunt
1260 812 1360 856 signa
1376 811 1481 845 etiam
1505 803 1616 844 lineas
1640 807 1809 843 indicabo.

290 875 418 910 Lanam
444 876 464 915 1
489 888 522 921 Ρ.
538 882 582 912 66
609 860 765 910 continet
788 876 897 910 verba
920 871 1251 910 ἀλλἰὗ-καλοῦσιν,
1276 887 1309 921 p.
1326 883 1370 911 27
1390 876 1429 910 C.
1461 876 1606 910 Comma
1630 877 1709 919 post
1734 870 1810 907 ἀλλ’

193 945 289 976 recte
314 941 497 986 omittitur,
533 951 604 975 non
628 941 721 975 enim
749 941 839 974 intra
862 939 1031 984 syllabam
1055 940 1284 976 distinctionis
1313 941 1414 986 signo
1438 941 1539 974 locus
1553 944 1618 985 est,
1644 939 1810 974 omittitur

195 1008 299 1043 etiam
317 1016 454 1041 comma
478 1009 558 1052 post
582 1015 716 1050 μετεχ.,
742 1008 778 1039 01
803 1003 928 1039 desunt
945 1003 1054 1041 verba
1076 1006 1137 1039 καὶ
1159 1006 1315 1050 μεγάλου
1340 1009 1419 1039 31110
1444 1005 1659 1052 πράγματος.
1710 1003 1809 1038 Haec

193 1071 302 1107 verba
325 1071 488 1105 Proclum
511 1080 550 1104 re
575 1080 662 1105 vera
684 1079 756 1103 non
779 1070 908 1114 legisse
933 1070 1132 1115 intelligitur
1156 1080 1203 1104 ex
1226 1070 1474 1104 commentario
1498 1081 1531 1115 p.
1548 1077 1605 1114 66,
1626 1077 1681 1104 14.
1702 1076 1745 1103 42
1774 1073 1810 1102 et

192 1138 250 1172 lin.
264 1137 324 1171 ult.
342 1134 465 1182 quibus
481 1135 570 1169 locis
587 1145 608 1168 a
624 1135 785 1169 lemmate
803 1144 874 1168 non
890 1133 1061 1169 recedens
1081 1133 1184 1169 affert
1200 1133 1309 1170 verba
1326 1133 1380 1169 ἐπὶ
1395 1134 1523 1172 παντὸς
1539 1132 1619 1181 ὄρμ.
1632 1145 1665 1167 κ.
1678 1144 1738 1178 σμ.
1752 1145 1808 1180 πρ.

192 1201 367 1237 ommissis
389 1203 450 1234 καὶ
472 1200 639 1245 μεγάλου.
701 1199 806 1241 Quod
829 1201 886 1233 lin.
905 1207 947 1235 14
966 1200 1112 1245 legitur:
1138 1198 1251 1244 ἐπειδὴ
1275 1199 1313 1234 δὲ
1336 1200 1468 1237 πάντας
1490 1199 1567 1237 τοῦς
1583 1198 1673 1233 κατὰ
1697 1198 1810 1245 βραχύ

193 1266 411 1312 σωφροσύνης
432 1269 649 1309 μετέχοντας,
673 1265 858 1299 nemimem
882 1264 1033 1300 adducet
1056 1268 1097 1299 ut
1119 1264 1239 1300 credat
1250 1264 1411 1300 Proclum
1434 1269 1499 1298 καί
1518 1269 1598 1299 31110
1622 1265 1713 1297 κατά
1738 1274 1808 1297 11011

190 1330 362 1366 habuisse.

286 1395 417 1447 Imm·
437 1396 464 1430 2
486 1407 519 1442 p.
540 1403 584 1432 66
616 1398 772 1431 continet
806 1395 914 1432 verba
946 1395 1037 1441 ἡμᾶς
1054 1418 1093 1425 -—
1108 1397 1407 1444 παραλλᾶπομεν.
1436 1409 1468 1443 p.
1494 1404 1539 1433 27
1564 1397 1601 1431 C.
1668 1397 1723 1439 11η
1753 1396 1806 1429 sie

192 1462 267 1495 sine
292 1470 329 1504 a,-
353 1470 489 1495 comma
507 1464 588 1507 post
604 1462 794 1506 μέλλοντας
810 1461 927 1508 deest,
950 1461 1098 1496 deinde:
1134 1458 1157 1506 ἤ
1179 1466 1318 1506 γέγονεν
1342 1459 1364 1506 ἥ
1386 1463 1446 1495 καὶ
1470 1459 1503 1495 εἷ
1524 1458 1650 1505 ἆγενὲς.
1700 1459 1806 1501 Quod

190 1527 227 1561 in
251 1526 480 1572 explicatione
505 1538 538 1572 p.
555 1534 612 1573 67,
628 1534 671 1563 lo
693 1527 776 1561 dicit
792 1527 957 1561 Proolus:
982 1528 1075 1571 λέγει
1092 1525 1161 1574 γὰρ
1180 1526 1256 1565 τοῦς
1266 1529 1343 1574 περὶ
1353 1527 1479 1565 παντὸς
1488 1527 1612 1570 λόγους
1628 1524 1811 1560 ποιεῖσθαί

190 1603 236 1636 πη
256 1592 445 1636 μέλλοντας
460 1592 591 1626 omisso
608 1595 687 1627 ante
704 1593 831 1630 παντός
847 1593 1007 1637 articulo,
1033 1593 1267 1638 suspicionem
1289 1594 1417 1627 1111113111
1438 1591 1609 1637 movebit,
1635 1591 1682 1626 cf.
1700 1591 1807 1625 etiam

155 1703 156 1706 Ἴ
191 1657 386 1702 sequentia,
410 1667 478 1690 1100
502 1656 644 1700 majoris
667 1658 834 1690 momenti
859 1661 929 1702 est,
954 1656 1047 1702 quod
1069 1658 1237 1702 particula
1260 1657 1306 1701 πή
1329 1658 1406 1692 sine
1430 1670 1445 1690 ι
1468 1657 1645 1702 scribitur,
1671 1657 1707 1689 in
1731 1656 1806 1689 tali-

190 1720 255 1756 bus
292 1722 385 1755 enim
415 1719 646 1755 Valderianae
684 1721 829 1756 editioni
863 1721 949 1756 fides
983 1722 1076 1756 nulla
1111 1721 1271 1756 habenda
1306 1726 1380 1768 est,
1417 1722 1462 1756 de
1499 1722 1576 1768 ipsa
1614 1731 1652 1755 re
1690 1724 1806 1755 autem

191 1786 237 1820 cf.
261 1785 389 1820 Buttm.
416 1785 474 1819 Gr.
500 1785 582 1830 maj.
607 1789 632 1820 t.
653 1793 685 1821 2.
711 1797 746 1831 p.
764 1792 852 1827 2843
892 1786 1054 1821 Schneid.
1087 1787 1195 1832 praef.
1227 1787 1273 1821 ad
1300 1786 1385 1822 Plat.
1413 1786 1490 1821 Civ.
1520 1787 1591 1821 vol.
1613 1793 1643 1820 1.
1668 1796 1702 1831 p.
1727 1795 1804 1826 nx13

190 1850 287 1891 Rost.
314 1849 465 1883 Gramm.
491 1849 546 1882 ed.
560 1859 597 1883 vl
620 1861 653 1894 p.
669 1836 750 1884 341'.
801 1850 949 1883 Gravior
972 1855 1089 1884 autem
1115 1851 1158 1884 de
1182 1851 1252 1884 hoc
1274 1852 1354 1884 loeo
1380 1851 1497 1884 existit
1520 1850 1677 1895 quaestio
1702 1850 1804 1882 haec:

189 1918 371 1960 postquam
395 1913 487 1948 enim
511 1912 655 1948 Proclus
680 1913 725 1948 de
749 1913 979 1958 explicatione
1004 1899 1190 1959 particulae
1214 1914 1261 1958 πή
1285 1913 1488 1960 disputavit,
1513 1913 1699 1960 docuitque
1725 1923 1803 1947 eam

189 1979 234 2013 ad
258 1983 372 2014 certas
397 1980 467 2013 τῶν
489 1979 605 2022 λόγων
629 1977 797 2025 διαφορᾶς
818 1978 1011 2025 respicere,
1041 1989 1128 2025 quae
1154 1980 1275 2024 quales
1303 1980 1372 2013 sint
1396 1978 1538 2013 uberius
1566 1989 1613 2013 eo
1635 1980 1715 2013 loco
1741 1989 1804 2013 ex-

188 2044 343 2089 ponitur,
368 2056 401 2089 p.
424 2051 481 2089 67,
499 2050 545 2079 23
569 2044 682 2089 pergit
706 2044 780 2078 sic:
815 2043 920 2077 πάλιν
944 2047 1056 2077 τοίνυν
1079 2043 1120 2077 τῦ
1143 2040 1165 2087 ἥ
1187 2048 1329 2087 γέγονεν
1351 2041 1374 2088 ἦ
1398 2040 1515 2087 α’γενὲς
1539 2042 1650 2085 ἐστιν,
1681 2042 1716 2077 οἱ
1738 2046 1805 2089 μὲν

188 2108 411 2152 ἐξηγήσαντο,
436 2109 475 2143 τὸ
498 2111 564 2154 μὲν
586 2109 751 2155 πρότερον
773 2110 833 2142 καὶ
857 2108 941 2153 (leg.
960 2108 1004 2152 ἢ)
1029 2107 1230 2146 δασύνοντες
1254 2109 1339 2154 (leg.
1359 2107 1574 2153 δασύνανι),
1599 2109 1640 2143 τὸ
1664 2108 1701 2143 δὲ
1726 2108 1804 2143 δεύ-

187 2183 284 2219 τερον
306 2173 539 2217 ψιλώσαντες,
576 2170 649 2207 ὅσοι
680 2175 786 2216 φασῖν
818 2169 922 2206 αῧτὸν
946 2171 1036 2219 ἐρεῖν
1062 2175 1141 2220 περὶ
1164 2175 1225 2206 τοῦ
1255 2173 1403 2221 παντὸς,
1439 2172 1525 2207 καθ’
1551 2171 1634 2207 ὅσον
1663 2178 1805 2217 γέγονεν

187 2234 246 2271 ἄπ’
263 2236 390 2279 αἰτίας,
413 2235 436 2281 ἢ
458 2241 519 2272 καὶ
543 2235 659 2282 α’γενές
681 2236 772 2272 ἐστιν
795 2237 913 2280 (deest
924 2239 1173 2283 interpunctio)
1197 2237 1256 2273 ἵνα
1279 2239 1466 2283 γενόμενον
1491 2235 1576 2273 adra
1600 2238 1805 2284 θεωρήσαν-

183 2312 256 2343 τες,
293 2302 353 2346 τὴν
383 2300 419 2337 ἐν
449 2299 544 2350 αὐτῷ
574 2303 677 2348 φύσιν
704 2301 917 2348 κατίδωμεν.
965 2304 1025 2336 καὶ
1055 2300 1076 2336 ὅ
1098 2314 1140 2347 γε
1170 2302 1386 2341 πλαιωνικὸς
1408 2300 1564 2348 ’Δλβῖνυς
1592 2300 1685 2344 ἀξιοῖ
1712 2303 1804 2336 κατὰ
