2117 2783
1029 134 1075 169 19

245 243 349 281 supra
388 232 598 279 significatae
635 231 795 267 editionis
831 231 1062 267 Valderianae
1099 231 1268 267 indicatur
1303 233 1404 268 simul
1446 243 1525 274 cum
1563 234 1704 271 Platone
1741 237 1854 274 Procli

243 298 528 334 commentarium
551 297 589 331 in
612 295 791 331 Timaeum
816 300 853 332 et
876 298 913 331 in
938 296 1082 331 Politica
1107 298 1141 331 in
1165 299 1279 332 lucem
1296 298 1422 344 emitti,
1446 300 1561 346 itaque
1583 301 1706 335 eadem
1728 304 1852 348 pagina

242 364 499 399 Platonicorum
524 372 668 407 operum
692 362 798 397 index
821 362 936 396 finitur
960 372 1027 407 qua
1050 363 1168 409 incipit
1179 363 1420 409 Procleorum,
1444 366 1598 411 sequitur
1615 366 1701 401 ordo
1719 368 1850 402 charta-

242 438 318 462 rum
342 428 512 473 omnium,
535 431 606 461 tam
630 438 748 462 earum
764 436 853 472 quae
873 426 1050 463 Platonem
1067 439 1168 475 quam
1185 413 1273 475 quae
1291 427 1451 463 Proclum
1476 432 1667 477 continent,
1693 432 1851 468 absoluto

242 491 368 526 deinde
393 492 536 527 Platone
560 491 674 527 Procli
703 495 893 537 sequuntur
920 494 1157 527 commentarii
1185 495 1257 527 suis
1288 494 1488 538 paginarum
1516 497 1668 530 numeris
1698 498 1850 543 insigniti

242 561 278 590 et
298 566 393 591 novo
409 558 508 591 titulo
529 557 687 592 instructi
707 556 795 590 hoc:
821 554 879 594 Εἰς
895 557 953 591 τὸν
972 558 1032 591 τοῦ
1050 558 1238 595 Πλάτωνος
1261 558 1407 602 Ίῖμαιον
1422 556 1681 603 ὕπομνημάτων
1694 562 1850 607 Πρόκλου

240 622 316 666 βιβ.
335 633 363 655 ε.
385 620 519 667 ἁπάσης
535 623 739 666 φιλοσοφίας
761 623 818 665 τῆς
839 623 991 659 παλαιᾶς
1012 621 1204 668 θησαυρός.
1228 625 1288 656 καὶ
1311 622 1357 660 εἷς
1380 623 1440 667 τὴν
1464 626 1525 658 τοῦ
1548 621 1652 659 αὐτοῦ
1674 627 1850 671 πολιτικὴν

235 687 487 735 χαλεπωτέρων
504 686 705 732 ζητημάτων
722 685 886 721 ἁπάντων
904 686 1072 732 ἐξήγησις.
1098 685 1200 734 ἔργον
1219 686 1394 733 ὑπέροχον.
1443 687 1577 724 Horum
1590 689 1714 726 deinde
1732 692 1849 727 addita

239 756 294 787 est
322 753 560 798 interpretatio
589 753 692 786 latina
704 764 714 794 ;
751 754 850 787 locus
884 756 920 787 et
949 763 1060 787 annus
1091 752 1253 787 editionis
1282 753 1318 786 in
1349 753 1448 787 titulo
1477 754 1646 790 indicatus
1676 767 1747 790 non
1776 762 1846 802 est,

239 816 303 852 sed
326 818 363 852 in
386 817 453 853 fine
478 828 605 864 graeca
628 818 783 852 oratione
809 818 991 864 exponitur
1014 819 1220 865 impressum
1245 828 1325 853 esse
1351 828 1440 864 opus
1463 817 1566 853 Basil.
1592 830 1646 865 ap.
1671 821 1726 856 Jo.
1745 822 1845 857 Vald.

237 891 329 916 anno
357 890 448 919 1534
474 883 590 917 addito
615 884 719 917 etiam
744 883 800 917 die
825 882 1067 930 θαργηλιῶνος
1090 882 1343 930 τριςκαιδεκάτῃ
1372 884 1431 926 (in
1455 883 1523 918 fine
1536 885 1758 930 praefationis
1778 892 1845 922 est:

240 947 435 993 ·Basileae,
460 948 598 983 Calend.
617 948 749 994 Martii,
775 948 840 982 An.
866 948 1213 991 M.D.XXX1111.-).
1263 948 1355 983 Hinc
1379 948 1576 994 bibliopego
1600 951 1748 986 fortasse
1773 955 1846 986 cui-

237 1012 316 1046 dam
340 1014 482 1048 alteram
505 1012 741 1047 Basileensem
765 1012 880 1047 Procli
905 1012 1091 1048 editionem
1116 1012 1235 1048 deberi
1259 1013 1419 1058 conjicio.

334 1079 406 1113 Sed
422 1082 529 1113 restat
550 1079 703 1123 suspicio
719 1078 887 1123 quaedam
910 1089 982 1112 non
1005 1088 1108 1112 unam
1133 1089 1200 1112 nec
1225 1078 1310 1112 duas
1335 1079 1398 1112 sed
1421 1083 1494 1113 tres
1517 1083 1575 1114 vel
1600 1082 1716 1125 plures
1741 1084 1845 1116 etiam

237 1153 316 1177 esse
340 1142 561 1178 Basileenses
585 1143 699 1177 Procli
724 1142 904 1177 editiones.
969 1143 1059 1178 Satis
1088 1153 1250 1189 magnum
1280 1144 1373 1177 enim
1397 1143 1664 1179 additamentum
1691 1146 1846 1181 Scholio-

235 1218 311 1242 rum
335 1209 371 1242 in
395 1208 547 1242 Platonis
571 1208 751 1242 Timaeum
780 1209 816 1241 in
840 1208 1057 1242 Berolinensi
1081 1212 1117 1241 et
1146 1209 1182 1241 in
1206 1207 1416 1241 Londinensi
1441 1213 1477 1242 et
1502 1209 1537 1241 in
1561 1209 1743 1244 Turicensi
1768 1211 1843 1245 Pla-

234 1273 429 1306 tonicorum
458 1282 602 1318 operum
627 1272 778 1306 editione
808 1273 860 1306 his
889 1272 1034 1307 infertur
1058 1271 1196 1307 verbis:
1249 1272 1355 1306 »Non
1387 1273 1499 1306 aliena
1528 1272 1675 1308 fortasse
1705 1274 1749 1307 ab
1778 1276 1845 1310 hoc

234 1339 331 1383 loco,
359 1340 447 1383 quae
472 1337 587 1371 codex
611 1337 716 1372 Paris.
743 1337 828 1382 Reg.
859 1344 948 1373 1832
982 1337 1026 1379 (f.
1048 1344 1103 1373 37.
1124 1348 1150 1371 r.
1176 1356 1224 1362 -
1251 1344 1306 1371 46.
1326 1339 1383 1380 v.)
1413 1337 1516 1371 habet
1543 1348 1606 1383 pro
1639 1339 1704 1372 illis
1729 1339 1843 1374 Procli

235 1403 306 1445 (ed.
319 1401 422 1437 Basil.
435 1403 532 1449 prim.
545 1413 578 1448 p.
594 1409 675 1449 374,
690 1408 868 1447 33—388,
885 1403 946 1445 19)
971 1399 1064 1439 ὅλοις
1086 1402 1146 1446 τὴν
1170 1398 1274 1446 αὐτὴν
1285 1398 1322 1429 —⁴
1335 1400 1418 1435 εἰσὶν
1441 1401 1477 1436 αἳ
1501 1401 1691 1447 &comtes--
1750 1403 1843 1439 Hinc

234 1470 337 1515 igitur
361 1469 420 1514 qui
443 1469 622 1513 colligeret
644 1468 821 1502 minimum
844 1472 916 1502 tres
941 1478 1021 1502 esse
1046 1467 1265 1502 Basileenses
1281 1467 1395 1502 Procli
1419 1468 1589 1503 editiones
1615 1473 1710 1503 certe
1736 1469 1844 1504 verba

234 1544 337 1580 supra
360 1534 473 1579 posita
497 1535 586 1568 male
613 1534 842 1578 explicavisse
868 1533 937 1567 dici
960 1544 1031 1567 non
1054 1538 1192 1579 posset,
1222 1537 1257 1568 et
1281 1533 1374 1578 quod
1397 1534 1434 1567 in
1457 1534 1666 1568 Valderiana
1690 1534 1844 1570 editione

235 1599 501 1633 commentarius
525 1599 562 1632 in
586 1598 765 1632 Timaeum
789 1610 823 1643 p.
840 1605 908 1633 348
929 1598 1043 1632 finitur
1067 1598 1215 1643 indeque
1239 1609 1349 1644 usque
1374 1598 1418 1631 ad
1441 1609 1473 1643 p.
1491 1605 1559 1633 433
1584 1598 1844 1635 dissertationes

235 1664 278 1698 de
304 1663 427 1699 Politia
449 1664 625 1709 leguntur,
661 1667 792 1698 tantum
816 1673 861 1698 eo
884 1662 1022 1699 videtur
1045 1664 1163 1698 valere
1189 1667 1227 1697 ut
1250 1663 1457 1708 intelligatur
1485 1673 1556 1697 non
1584 1664 1729 1709 primam
1753 1665 1845 1700 illam

235 1739 315 1763 esse
340 1728 528 1763 editionem
553 1728 618 1763 sed
640 1730 699 1763 vel
724 1728 928 1773 secundam,
952 1729 1011 1763 vel
1034 1729 1192 1769 tertiam3
1218 1738 1423 1774 quamquam
1448 1738 1536 1774 quae
1550 1729 1619 1762 sint
1635 1730 1692 1762 vel
1710 1731 1844 1773 possint

236 1804 315 1829 esse
332 1794 485 1839 reliquae
504 1793 687 1839 editiones,
711 1803 756 1827 ne
782 1793 984 1838 conjectura
1007 1793 1146 1840 quidem
1169 1794 1239 1828 ulla
1262 1794 1401 1839 assequi
1425 1803 1584 1839 possum,
1614 1793 1783 1839 siquidem
1808 1799 1844 1829 et

235 1862 342 1895 altera
357 1860 416 1893 illa
433 1860 513 1892 anni
532 1865 623 1893 1534
647 1858 753 1891 editio
770 1867 926 1903 quaeque
951 1869 1041 1892 anno
1063 1866 1155 1894 1556
1181 1858 1351 1904 prodiisse
1372 1859 1482 1892 fertur
1499 1859 1607 1892 errori
1630 1858 1722 1893 haud
1739 1859 1840 1894 dubie

236 1923 419 1970 debentur,
456 1926 492 1958 et
529 1923 586 1969 qui
615 1922 823 1957 Valderiana
858 1923 1084 1968 antiquiorem
1113 1924 1172 1957 vel
1201 1923 1340 1956 omnino
1377 1923 1477 1956 allam
1511 1933 1612 1969 quam
1643 1923 1688 1958 de
1717 1923 1839 1970 quibus

235 1991 444 2035 disputatum
468 1992 523 2023 est
545 1989 686 2023 novisse
712 1998 750 2022 se
774 1988 912 2033 dixerit,
939 1993 1101 2033 quantum
1123 1997 1189 2032 ego
1207 1989 1298 2033 scio,
1324 1988 1436 2022 extitit
1452 1998 1573 2032 nemo,
1599 1994 1634 2022 et
1652 1989 1732 2023 Sim.
1748 1990 1840 2032 Gry-

235 2065 343 2090 naeus
369 2058 501 2089 tantum
528 2063 600 2087 non
629 2052 673 2086 ad
701 2051 846 2087 verbum
875 2062 896 2085 a
926 2062 964 2086 se
995 2053 1106 2098 primo
1136 2051 1251 2087 Procli
1279 2053 1336 2086 illa
1365 2052 1492 2098 scripta
1520 2053 1557 2086 in
1584 2054 1699 2087 lucem
1731 2055 1841 2089 emitti

235 2121 333 2166 dicit,
370 2130 473 2165 quem
501 2119 615 2154 virum
645 2128 688 2152 eo
719 2122 874 2163 tempore
904 2117 1031 2152 diutius
1055 2118 1129 2161 jam
1152 2127 1353 2162 graecarum
1378 2118 1554 2151 literarum
1577 2117 1735 2153 Basileae
1761 2130 1840 2164 pro·

235 2185 407 2220 sessorem
431 2188 467 2218 et
491 2182 536 2218 ob
562 2183 751 2218 doctrinam
774 2191 975 2229 morumque
1000 2180 1204 2229 probitatem
1228 2192 1250 2216 a
1274 2183 1417 2218 summis
1441 2178 1526 2218 viris
1551 2183 1709 2218 maximis
1734 2184 1840 2218 hono-

235 2250 329 2285 ribus
359 2250 499 2295 dignum
527 2248 677 2284 habitum
708 2250 768 2284 vel
800 2248 965 2283 ridiculae
1001 2249 1157 2283 inscitiae
1192 2249 1252 2283 vel
1285 2248 1416 2283 fraudis
1445 2250 1550 2283 etiam
1580 2259 1759 2293 accusare,
1796 2259 1841 2284 ne

236 2315 318 2362 quid
346 2315 486 2362 gravius
516 2313 646 2361 dicam,
682 2323 899 2361 permagnae
925 2317 1021 2350 esset
1057 2314 1270 2349 temeritatis.
1345 2313 1440 2356 Quid
1473 2319 1587 2349 autem
1615 2313 1708 2354 quod
1735 2312 1843 2350 verba

1401 2371 1446 2401 3*
