2117 2783
1007 153 1055 188 22

220 251 302 297 bus,
342 252 442 296 eujus
472 252 524 285 rei
552 249 644 284 aliud
673 254 710 284 et
734 251 819 284 satis
843 260 952 295 grave
978 253 1173 298 exemplum
1198 252 1318 297 accipe
1342 252 1420 286 hoe.
1494 252 1535 287 In
1563 255 1725 289 lemmate
1750 257 1844 290 enim

222 318 316 363 quod
340 329 372 362 p.
393 324 457 351 157
479 316 522 349 ad
541 315 695 349 Platonis
720 313 829 349 verba
853 325 886 360 p.
903 322 946 350 32
962 316 995 350 D
1013 327 1086 364 seq.
1100 317 1239 363 respicit
1263 320 1302 350 ut
1326 316 1370 351 de
1394 316 1583 352 levioribus
1608 318 1683 352 aliis
1707 322 1844 354 taceam

219 394 283 430 pro
309 382 488 415 κατανοῶν
512 379 560 417 ὥς
584 376 608 413 ἅ
633 381 773 425 ξυνιστᾷ
797 379 840 413 τοὶ
865 380 1033 424 σώματα,
1064 387 1102 416 ut
1126 382 1303 417 Bekkerus
1329 381 1454 428 edidit,
1479 383 1626 427 legitur:
1662 385 1843 417 κατανοῶν

221 448 269 485 ὥς
292 446 450 488 ξυνιστάν
474 447 524 493 τῷ
550 446 709 490 σώματι;
733 446 770 480 in
794 446 871 491 ipso
897 448 1148 482 commentario
1173 448 1352 495 explicatis
1370 447 1445 482 aliis
1463 446 1665 494 quibusdam
1691 449 1843 495 (singula

218 511 338 547 verbis
364 512 404 546 τῦ
416 510 583 556 μὲν-τὸ
599 511 637 545 δέ
660 512 752 545 illata
769 512 865 554 sunt)
890 522 923 556 p.
943 516 1022 556 158,
1038 518 1056 546 5
1071 511 1129 545 af.
1157 514 1271 568 pergit
1282 513 1356 547 sic:
1381 514 1439 546 καὶ
1463 513 1563 546 τοῦτο
1586 514 1652 557 μὲν
1676 515 1842 555 τοιοῦτον,

221 578 259 612 τὰ
292 577 327 612 δὲ
359 576 527 611 συστατόν
557 578 680 619 σῶμα,
717 575 757 609 τὰ
788 573 958 609 σύνθετόν
989 574 1078 620 ἐστι,
1115 578 1176 609 καὶ
1207 575 1450 624 ἕτεροκίνητον.
1487 576 1527 611 τὸ
1556 578 1622 621 μὲν
1653 574 1713 612 οὖν
1738 574 1842 612 αὖτο-

219 648 364 686 κίνητον,
390 641 514 674 ἑαυτοῦ
532 641 713 681 σωστικόν,
739 640 779 673 τὸ
798 639 834 674 δὲ
854 639 1101 687 ἓτεροκίνητον,
1127 639 1235 674 δεῖται
1254 643 1315 674 τοῦ
1332 641 1382 685 μὴ
1401 641 1616 685 ἐνοχλεῖσθαι
1635 639 1713 688 παρ’
1725 640 1843 676 ἄλλων

218 708 464 754 διαφερόντως.
490 706 530 740 τὸ
555 706 592 740 δὲ
615 707 686 739 πᾶν
710 705 808 740 καθὸ
832 708 937 750 σῶμα
960 704 1189 753 ἕτεροκίνητόν
1214 703 1301 739 ἐστι.
1343 706 1383 740 τό
1408 705 1445 741 δὲ
1469 706 1604 754 θερμὸν
1627 708 1686 741 καὶ
1708 707 1843 754 ψυχρὸν

219 772 264 809 ὥς
290 772 479 818 δραστήρια
503 770 681 817 παρέλαβε
706 782 739 803 κ.
752 782 782 804 τ.
797 769 824 804 ἕ.
873 770 1010 805 Deinde
1035 781 1068 815 p.
1086 777 1167 814 159,
1195 777 1226 804 5.
1252 771 1345 812 λέγει
1369 769 1406 803 δὲ
1431 770 1491 804 τὸν
1513 773 1647 815 κόσμον
1669 771 1725 804 ὑπ’
1748 769 1843 817 αῧτῷ

216 836 399 871 πείσεσθαι
413 836 649 882 περιεστώτων
660 836 805 877 πάσχειν
817 836 996 879 (corrupta
1007 836 1094 868 haec
1108 838 1199 880 sunt,
1212 835 1385 869 sententia
1396 838 1514 870 tamen
1525 836 1663 871 videtur
1676 847 1755 871 esse
1767 835 1843 870 sere

215 904 325 937 haee:
377 902 460 935 dicit
484 900 582 935 Plato
614 909 797 944 passurum
824 909 904 933 esse
930 898 1095 933 mundum
1127 909 1192 944 per
1216 900 1491 946 circumstantia,
1529 905 1576 940 et,
1594 902 1645 935 sic
1674 905 1714 935 ut
1742 902 1773 935 si
1797 912 1842 936 ex

216 968 337 1002 calidis
363 971 399 1000 et
424 965 558 1010 frigidis
583 965 629 998 sit
652 964 784 1010 factus,
808 975 872 1010 per
896 964 984 999 haec
1010 965 1040 999 si
1065 965 1291 999 circumstent
1314 966 1462 1011 patiatur
1487 969 1573 1008 etc.;
1599 965 1662 1000 sed
1679 976 1841 1002 necessa—

217 1035 304 1068 rium
336 1033 401 1067 erit
432 1030 605 1066 benevole
637 1031 750 1065 lector
780 1034 819 1065 ut
849 1029 1012 1066 Proclum
1043 1030 1157 1076 ipsum
1186 1031 1348 1065 consulas
1378 1030 1479 1076 cujus
1515 1034 1626 1065 totum
1655 1033 1772 1066 locum
1797 1031 1842 1066 ob

217 1103 330 1132 certas
345 1096 513 1143 quasdam
526 1105 651 1129 causas
677 1095 877 1130 describere
903 1096 958 1129 hic
979 1105 1050 1129 non
1074 1097 1252 1140 possum),
1277 1098 1337 1128 καὶ
1356 1094 1389 1129 εἶ
1403 1098 1469 1139 μὲν
1486 1095 1524 1129 ἐκ
1538 1095 1685 1142 θερμῶν
1708 1097 1759 1140 εἴη
1782 1099 1842 1130 καὶ

218 1165 361 1210 ψυχρῶν
386 1161 452 1196 ὑπὸ
477 1160 627 1202 τούτων,
653 1159 686 1195 εἶ
707 1161 744 1195 δὲ
769 1160 805 1202 ἐξ
830 1159 948 1195 ἄλλων
973 1159 1122 1204 ἐχόντων
1145 1160 1307 1204 δυνάμεις
1329 1159 1486 1208 ἰσχυρὰς,
1509 1159 1566 1195 ὕπ’
1589 1160 1742 1196 ἐκείνων.
1776 1161 1842 1196 εἴτε

215 1229 285 1275 γάρ
317 1227 454 1261 ἐναντία
486 1227 535 1270 εἴη
567 1228 637 1263 τοῖς
667 1225 702 1266 ἐξ
727 1222 778 1259 ὥν
802 1225 892 1266 ἔστι,
917 1225 1005 1258 διότι
1030 1224 1202 1266 ἐναντίον,
1245 1225 1384 1266 φθίνειν
1414 1227 1507 1259 ποιεῖ
1528 1225 1568 1259 τὸ
1593 1227 1777 1269 συστατὸν,
1811 1224 1842 1273 ᾧ

215 1297 427 1340 προςπῐπτει.
458 1292 525 1325 εἴτε
556 1287 682 1334 ὅμοια,
718 1290 790 1324 λύει
822 1289 881 1324 τὸν
912 1290 1036 1333 λόγον,
1067 1287 1154 1323 καθ’
1176 1287 1216 1323 ὅν
1246 1294 1385 1333 συνέστη
1415 1292 1683 1337 προαρινόμενα
1713 1293 1783 1328 τοῖς
1806 1291 1841 1326 ἐν

215 1356 309 1404 miz-(p
336 1356 484 1401 ὁμοίοις.
510 1354 639 1392 παντὸς
655 1352 715 1389 οὖν
739 1356 908 1389 συστατοῦ
932 1356 1058 1397 λέγων,
1083 1352 1223 1390 εἰκότως
1246 1352 1295 1391 ὥς
1311 1358 1500 1401 γνωρίμων
1516 1356 1601 1389 πᾶσι
1617 1357 1678 1388 καὶ
1695 1355 1841 1402 θερμῶν

215 1422 372 1467 ἐμνήσθη
397 1424 456 1455 καὶ
481 1422 642 1467 ψυχρῶν.
682 1419 753 1454 ἔστι
777 1419 846 1465 γὰρ
871 1432 905 1453 τι
930 1419 1018 1462 (sic)
1044 1417 1212 1452 σνστατόν
1234 1420 1294 1452 καὶ
1325 1417 1364 1453 ἐκ
1394 1420 1527 1453 τούτων
1556 1422 1616 1453 καὶ
1639 1422 1723 1454 πᾶσι
1746 1423 1841 1464 γνώ-

216 1500 336 1535 ριμον.
382 1486 435 1520 διό
467 1488 526 1519 καὶ
557 1483 604 1522 ὥς
641 1485 820 1530 γνώριμον
852 1484 952 1526 (sic)
995 1483 1127 1517 τούτων
1166 1482 1433 1528 ἐμνημόνευσεν.
1482 1483 1597 1528 ἐπειδὴ
1629 1483 1666 1518 δὲ
1697 1482 1738 1519 οὔ
1770 1487 1839 1520 πᾶν

216 1554 382 1588 συστατόν
409 1551 445 1586 ἐκ
472 1552 621 1592 τούτων,
658 1548 848 1596 προςέθηκε
872 1548 1033 1583 καθόλου
1056 1549 1197 1590 λοιπόν,
1234 1551 1295 1583 καὶ
1319 1547 1384 1583 ὅσα
1409 1549 1570 1594 δυνάμεις
1599 1549 1737 1597 ἰσχυρὰς
1758 1549 1839 1595 ἔχει.

213 1619 270 1654 Ex
294 1620 346 1652 his
372 1618 471 1663 sequi
496 1617 578 1650 mihi
604 1614 743 1651 videtur
767 1613 930 1649 Proclum
954 1625 1025 1649 non
1054 1615 1224 1656 ξυνιστάν,
1255 1614 1319 1649 sed
1347 1616 1496 1661 aliquem
1527 1625 1647 1650 casum
1673 1616 1839 1661 adjectivi

216 1684 381 1719 συστατός
403 1683 531 1726 legisse
558 1680 753 1726 eodemque
779 1690 864 1713 casu
888 1678 1050 1714 habuisse
1069 1678 1322 1714 substantivum
1348 1681 1452 1723 σῶμα
1475 1680 1593 1714 addito
1611 1682 1696 1715 item
1713 1682 1838 1716 eodem

215 1760 299 1783 casu
324 1747 492 1791 adjectivi
515 1747 591 1782 πᾶς.
665 1744 721 1779 Ex
744 1745 987 1779 terminatione
1012 1748 1129 1778 autem
1154 1745 1308 1789 corrupti
1338 1746 1496 1784 ξυνιστᾶν
1525 1745 1617 1790 quod
1641 1756 1712 1779 non
1736 1748 1837 1792 pauci

213 1814 289 1848 libri
314 1823 378 1846 ms,
405 1810 548 1854 habent,
584 1811 643 1844 vel
668 1809 828 1849 ξυνιστιὶν
852 1809 945 1854 quod
975 1809 1030 1842 hic
1056 1809 1091 1842 in
1116 1810 1277 1842 lemmate
1302 1807 1468 1843 habemus
1493 1811 1651 1855 suspicor
1676 1810 1836 1845 Proelum

213 1878 374 1911 habuisse
400 1877 488 1916 πᾶν,
526 1874 618 1907 unde
650 1873 871 1907 statuendum
900 1873 1039 1907 videtur
1068 1877 1179 1906 totum
1208 1874 1324 1906 locum
1354 1874 1406 1906 sie
1438 1874 1547 1908 fuisse
1578 1879 1834 1919 comparatum:

213 1943 393 1977 κατανοῶν
417 1939 465 1978 ὥς
488 1937 656 1974 συστατὸν
680 1940 750 1973 πᾶν
775 1939 879 1983 σῶμα
904 1936 1026 1985 θερμὰ
1050 1940 1110 1971 καὶ
1133 1937 1261 1984 ψυχρά.
1312 1937 1352 1972 In
1369 1937 1484 1972 Procli
1509 1925 1741 1984 explicatione
1765 1951 1836 1975 non

214 2010 313 2042 nimis
334 2008 400 2042 erit
418 2006 541 2040 durum
558 2009 679 2051 putare
697 2008 776 2039 ante
802 2004 929 2041 παντὸς
953 2000 1013 2037 οὖν
1037 2003 1403 2038 ‹mammo-excidisse
1427 2007 1508 2050 περί
1533 2005 1833 2049 praepositionem.

216 2074 378 2108 Ceterum
404 2073 434 2106 si
458 2072 545 2105 haee
571 2081 652 2105 cum
677 2070 849 2104 editorum
874 2073 910 2104 et
934 2069 1116 2104 novissimi
1132 2068 1331 2114 interpretis
1350 2069 1538 2113 germanici
1559 2069 1650 2103 notis
1673 2071 1834 2105 conferes

214 2139 319 2172 facile
341 2135 514 2181 judicabis
539 2146 643 2180 quam
666 2140 762 2169 recte
789 2136 814 2169 ii
839 2135 1000 2170 Proclum
1024 2135 1153 2179 legisse
1180 2133 1371 2167 videantur.

312 2200 385 2236 Sed
402 2200 659 2234 dissensionum
684 2201 816 2233 illarum
841 2209 952 2244 genus
979 2199 1071 2233 unde
1098 2199 1266 2243 originem
1292 2199 1434 2231 traxerit
1459 2208 1524 2243 ego
1538 2199 1676 2244 quidem
1700 2201 1833 2245 nescio,

212 2267 370 2301 inanibus
397 2270 514 2299 autem
539 2265 750 2308 conjecturis
775 2269 810 2297 te
837 2275 907 2297 non
932 2264 1093 2298 morabor
1118 2262 1290 2297 benevole
1315 2264 1448 2304 lector;
1475 2264 1587 2309 itaque
1613 2265 1733 2309 paucis
1759 2265 1832 2310 qui-

212 2332 357 2367 busdam
394 2330 460 2365 sed
496 2329 670 2363 continuis
708 2329 877 2373 exemplis
909 2328 990 2373 quid
1020 2329 1134 2362 Procli
1169 2327 1435 2361 commentarius
1472 2328 1516 2362 de
1548 2329 1700 2363 Platonis
1736 2333 1833 2364 textu
