2117 2783
969 148 1015 183 17

181 247 287 281 illeve
309 246 411 280 locus
433 242 658 280 adducendus
682 250 778 281 esset
800 247 838 280 in
856 247 1058 281 universum
1077 246 1267 281 sententias
1283 245 1398 291 potius
1415 254 1517 291 quam
1536 247 1671 291 singula
1687 247 1795 283 verba

180 321 306 345 curans
316 309 412 344 libris
423 318 495 343 non
509 310 675 355 inspectis
688 321 734 345 ex
743 311 912 345 memoria
922 320 1012 357 quae
1022 311 1222 346 necessaria
1233 309 1433 345 viderentur
1449 310 1687 356 adscripserit3
1711 312 1792 346 inde

179 379 296 410 autem
306 373 439 409 factum
450 376 505 409 est
516 377 555 409 ut
574 378 610 410 et
627 384 650 410 a
667 379 780 410 semet
791 375 869 420 ipso
880 385 951 410 non
961 386 1040 411 raro
1053 375 1268 420 dissentiret,
1290 377 1327 409 et
1338 373 1380 408 ab
1391 376 1499 421 ipsius
1511 375 1664 411 Platonis
1675 370 1801 412 verbis*

178 439 315 484 longius
339 439 530 473 recessisse
554 449 661 486 saepe
684 439 857 485 putandus
880 441 933 476 sit.
983 441 1072 477 Rem
1096 441 1266 486 exemplis
1290 438 1492 485 quibusdam
1514 440 1701 476 illustrabo.

275 503 376 545 Quae
405 502 514 539 verba
541 504 634 550 apud
663 503 842 539 Platonem
872 506 908 540 in
942 505 1088 541 Timaeo
1118 517 1152 552 p.
1167 513 1211 541 41
1238 504 1266 540 Β
1297 504 1402 554 hodie
1430 506 1591 550 leguntur
1624 507 1698 540 sic:
1735 510 1793 552 τῆς

178 567 261 612 ἐμῆς
276 568 472 613 βουλήσεως
486 572 641 614 μείζονος
657 567 707 603 ἔτι
724 569 851 614 δεσμοῦ
867 573 927 605 καὶ
941 575 1148 617 κυριωτέρου
1162 571 1325 613 λαχόντες
1339 569 1477 604 ἐκείνων
1486 567 1536 606 οἷς
1551 567 1597 602 52³
1611 569 1791 613 ἕγίγνεσθε

176 632 372 672 ξυνεδεῖσθε
395 643 438 668 ea
460 635 498 668 in
521 635 767 669 commentario
791 634 836 669 ad
859 634 947 669 Tim.
972 646 1006 681 p.
1024 641 1105 681 144,
1125 641 1146 670 3
1164 633 1354 669 afferuntur
1378 635 1451 669 sic:
1477 635 1534 678 τῆς
1557 633 1639 678 ἐμῆς
1660 635 1791 679 βουλή-

176 707 262 735 σεως
283 700 384 743 φησι,
414 700 568 743 μείζονος
589 697 735 744 δεσμοῦ,
764 702 825 734 καὶ
853 705 1060 747 κυριωτέρου
1083 700 1246 743 λαχόντες
1269 698 1425 740 ἐκείνων,
1455 697 1505 736 οἷς
1528 696 1585 733 ὅτε
1609 699 1792 743 ἐγίγνεσθε

175 762 372 797 σύνεὸεῒσθε
395 763 498 808 (sic),
523 768 559 798 et
582 764 619 797 in
642 765 749 798 schol.
776 764 821 798 ad
846 764 975 809 Cratyl.
995 766 1028 808 ξ.
1043 771 1088 800 97
1109 768 1220 798 extu:
1245 765 1304 807 τῆς
1327 762 1382 808 ἐμ.
1408 765 1490 807 φησὶ
1512 764 1610 807 βυυλ.
1636 767 1792 808 μείζονος

174 825 224 860 ἔτι
248 829 309 861 καὶ
330 832 535 875 κυριωτέρου
559 828 686 873 δεσμοῦ
708 830 788 872 λαχ.
813 828 883 873 rx„-
930 830 1037 878 niliilo
1066 833 1185 864 tamen
1215 829 1333 864 secius
1367 832 1502 864 certum
1532 833 1587 862 est
1615 828 1788 875 Proclum‚

173 896 412 937 praeterquam
440 893 532 938 quod
561 892 724 927 vocabuli
753 891 810 927 ὅτε
842 896 1032 927 extremam
1061 892 1231 937 syllabam
1259 902 1331 927 non
1360 893 1497 926 elisisse
1528 896 1563 925 et
1590 903 1654 937 pro
1679 893 1786 933 ξυνεδ.

172 954 333 991 habuisse
363 956 501 991 videtur
531 956 657 998 συνεδ.,
693 958 796 1003 plane
827 958 879 992 sic
902 958 1031 1002 legisse
1059 959 1098 991 ut
1126 961 1182 992 est
1208 958 1245 991 in
1268 955 1419 991 Bekkeri
1448 956 1610 991 editione.
1686 958 1786 1000 Quae

171 1031 205 1064 p.
233 1027 278 1056 42
303 1020 335 1056 Ε
359 1023 520 1066 leguntur
544 1022 618 1055 sic:
668 1020 787 1065 ἔμενεν
811 1020 848 1056 ἐν
871 1023 922 1067 τῷ
946 1020 1069 1054 ἑαυτοῦ
1091 1020 1182 1054 κατά
1205 1021 1332 1066 τρόπον
1355 1019 1437 1064 ἤθει
1462 1032 1506 1055 ea
1530 1023 1677 1056 orationi
1701 1033 1786 1057 suae

171 1085 331 1121 intexens
355 1087 393 1120 in
416 1095 542 1120 comm.
568 1086 613 1120 ad
636 1085 724 1121 Tim.
749 1098 783 1132 p.
800 1093 881 1132 336,
898 1093 940 1122 19
965 1086 1098 1132 profert
1122 1086 1190 1121 sic:
1215 1084 1248 1120 εἶ
1269 1084 1393 1123 ἐκεῖνος
1416 1085 1452 1125 ἐν
1476 1088 1525 1132 τῷ
1551 1085 1673 1121 ἑαυτοῦ
1696 1088 1788 1122 κατοὶ

171 1138 297 1195 τρόπον
319 1148 402 1194 ἤθει
425 1152 549 1188 τελέως
575 1150 710 1197 ἵδρυσεν
733 1150 875 1194 ἕαυτόνς
904 1152 940 1184 in
963 1150 1058 1185 libris
1083 1150 1128 1184 de
1151 1151 1257 1184 theol.
1282 1150 1366 1184 Plat.
1388 1158 1420 1195 5,
1442 1157 1484 1185 18
1510 1162 1544 1195 p.
1562 1157 1644 1196 283,
1670 1158 1690 1186 6
1716 1162 1738 1185 a
1762 1153 1787 1186 f.

170 1219 286 1259 μένειν
302 1226 369 1249 που
389 1217 471 1259 φησὶ
492 1215 579 1259 (sic)
599 1216 659 1249 τὸν
674 1220 808 1262 πατέρα
827 1217 886 1249 τοῦ
903 1215 1031 1253 παντὸς
1053 1214 1090 1249 ἐν
1113 1216 1164 1261 τῷ
1182 1214 1305 1249 ἑαυτοῦ
1322 1226 1355 1249 κ.
1369 1227 1419 1261 τρ.
1432 1213 1464 1259 ἢ.
1490 1226 1520 1250 c.
1537 1223 1581 1251 20
1602 1228 1635 1261 p.
1651 1223 1734 1262 290,
1747 1224 1786 1252 2;

169 1283 229 1314 καὶ
245 1285 362 1325 μένων
379 1279 416 1314 ἕν
436 1281 486 1326 τῷ
498 1277 603 1314 αὐτοῦ
619 1291 653 1314 x.
672 1292 723 1326 τρ.
741 1278 773 1323 ἤ.
798 1291 830 1314 e.
846 1287 889 1315 39
903 1292 936 1325 p.
953 1287 1034 1325 333,
1052 1287 1093 1315 13
1108 1290 1129 1313 a
1144 1280 1186 1313 f.:
1210 1283 1270 1313 καὶ
1282 1279 1319 1314 ἐν
1331 1282 1382 1325 τῷ
1393 1279 1515 1313 ἑαυτοῦ
1531 1285 1627 1324 μένει
1639 1293 1671 1314 κ.
1690 1293 1739 1327 τρ.
1753 1279 1786 1325 ἦ.

168 1344 243 1379 libr.
258 1352 293 1390 6,
308 1352 326 1381 -7
340 1356 374 1390 Ρ.
389 1350 471 1390 358,
487 1352 529 1380 11
545 1343 735 1391 ἐπιστρέφει
754 1345 868 1378 πάντα
885 1343 969 1391 πρὸς
984 1343 1106 1378 {aurbu
1121 1348 1237 1388 μένων
1256 1343 1293 1377 ἓν
1308 1346 1360 1390 τῷ
1372 1343 1494 1378 ἑαυτοῦ
1511 1356 1544 1378 κ.
1559 1357 1609 1390 τρ.
1622 1343 1653 1388 ἢ.
1679 1355 1709 1379 c.
1728 1353 1784 1391 19,

168 1421 203 1455 p.
217 1416 299 1456 397,
313 1417 374 1445 24:
397 1408 444 1447 εἷς
458 1406 582 1443 ταύτὸν
597 1407 727 1454 ἄξομεν
746 1411 796 1456 τῷ
811 1399 951 1443 παντων
969 1407 1162 1456 ἕξῃρημένῳ
1174 1411 1234 1442 καὶ
1246 1407 1282 1442 ἐν
1295 1411 1345 1455 τῷ
1357 1406 1462 1443 αὕτοῧ
1472 1414 1611 1453 μένοντι
1622 1421 1654 1444 κ.
1669 1422 1720 1455 τρ.
1732 1408 1786 1454 ἤ.;

168 1476 205 1508 in
229 1475 337 1509 schol.
362 1474 408 1508 ad
433 1474 563 1519 Cratyl.
587 1476 620 1518 ξ.
639 1482 683 1510 97
709 1486 741 1520 p.
757 1482 802 1510 54
827 1479 943 1518 μένων
967 1471 1068 1511 aerae
1091 1473 1128 1508 ἐν
1152 1475 1201 1519 τῷ
1225 1472 1347 1507 ἑαυτοῦ
1369 1485 1401 1508 x.
1428 1485 1478 1520 τρ.
1502 1472 1534 1517 ἢ.
1583 1474 1664 1509 Non
1687 1480 1785 1515 recte

170 1540 291 1584 aliquis
319 1550 365 1574 ex
393 1540 459 1573 hac
488 1539 718 1584 discrepantia
746 1539 925 1584 colligeret
948 1539 1111 1574 Proclum
1139 1539 1238 1572 aliter
1268 1548 1312 1572 ea
1335 1537 1445 1573 verba
1467 1540 1596 1584 legisse
1621 1549 1724 1585 quam
1748 1541 1785 1575 in

168 1603 319 1638 Bekkeri
342 1604 494 1639 editione
518 1603 695 1639 habentur.
744 1603 837 1638 Libri
861 1604 905 1638 de
930 1604 1104 1649 theologia
1128 1603 1281 1638 Platonis
1305 1604 1401 1648 pleni
1425 1607 1507 1638 sunt
1529 1605 1687 1638 locorum
1711 1606 1783 1650 pla-

167 1670 362 1703 tonicorum
385 1670 498 1703 minus
523 1673 683 1703 accurate
708 1670 903 1715 allatorum,
927 1673 966 1703 ut
990 1678 1111 1705 eorum
1135 1678 1220 1703 usus
1244 1677 1404 1713 magnam
1426 1667 1550 1703 habeat
1574 1670 1784 1715 cautionem,

168 1734 406 1768 tantummodo
435 1735 527 1768 enim
552 1745 640 1780 quae
665 1738 826 1768 accurate
852 1744 891 1768 se
917 1735 1024 1768 citare
1048 1735 1124 1779 ipse
1148 1733 1277 1767 indicat
1302 1743 1379 1767 eam
1398 1734 1584 1767 lectionem
1605 1735 1784 1769 continere

168 1798 318 1844 putanda
347 1802 443 1845 sunt,
476 1791 591 1845 quam'
610 1809 649 1834 re
680 1808 766 1833 vera
796 1798 964 1845 probavit.
1038 1797 1232 1834 Decantata
1260 1798 1318 1833 illa
1347 1798 1518 1833 sententia
1547 1799 1605 1832 τὸν
1633 1801 1700 1842 μὲν
1723 1797 1784 1833 οὖν

168 1864 306 1908 ποιητὴν
329 1865 389 1897 καὶ
411 1869 542 1908 πατέρα
567 1863 664 1897 τοῦδε
689 1866 748 1897 τοῦ
771 1865 899 1900 παντὸς
921 1863 1031 1910 εὑρεῖν
1055 1875 1091 1898 τε
1115 1863 1217 1910 ἔργον
1239 1865 1300 1896 καὶ
1323 1862 1466 1908 εὑρόντα
1481 1862 1527 1899 εἰς
1541 1864 1674 1901 πάντας
1697 1862 1779 1897 ‹1³66-

167 1941 271 1963 νατον
294 1929 405 1972 λέγειν
435 1928 541 1970 (Plat.
567 1927 654 1961 Tim.
680 1939 714 1972 p.
734 1933 779 1962 28
799 1927 846 1969 C)
876 1928 913 1960 in
943 1937 1049 1972 opere
1082 1928 1126 1961 de
1151 1928 1253 1961 theol.
1280 1926 1366 1961 Plat.
1391 1926 1535 1961 affertur
1558 1926 1646 1962 libro
1672 1936 1705 1972 4,
1734 1935 1775 1963 11

168 2006 201 2038 p.
230 2001 311 2039 198,
333 2001 363 2030 7.
388 1992 445 2027 lib.
474 2000 507 2038 5,
533 1999 577 2028 2⁰
603 2004 636 2038 p.
664 1999 745 2037 290,
772 1998 828 2028 28.
854 1991 898 2025 ib.
925 2002 955 2025 c.
976 1998 1020 2027 28
1046 1992 1117 2025 init.
1144 1995 1180 2026 et
1204 1992 1338 2036 singula
1362 1991 1438 2035 ejus
1463 1990 1571 2026 verba
1596 2002 1640 2026 eo
1665 1994 1779 2037 capite

169 2068 274 2104 saepe
299 2062 495 2104 recurrunt,
533 2057 595 2092 sed
619 2056 777 2091 omnibus
806 2057 859 2091 his
883 2057 970 2090 locis
994 2057 1194 2091 memoriter
1218 2057 1356 2101 citatur,
1381 2060 1503 2090 contra
1526 2055 1582 2090 lib.
1600 2064 1633 2103 5,
1664 2065 1705 2093 19
1731 2059 1778 2092 in.

169 2136 201 2169 p.
221 2130 290 2159 275
305 2128 393 2158 extr.
405 2123 509 2158 facile
526 2123 725 2168 intelligitur
749 2125 910 2156 accurate
935 2132 1013 2156 eam
1037 2121 1143 2168 tradi,
1168 2131 1339 2167 quumque
1364 2120 1412 2155 ibi
1436 2125 1592 2156 ceterum
1617 2133 1639 2156 a
1663 2122 1781 2159 verbis

170 2200 273 2236 supra
304 2189 425 2235 positis
453 2200 525 2224 non
553 2188 723 2224 recedens
751 2198 815 2234 pro
844 2189 973 2226 πάντας
996 2188 1139 2224 Proclus
1168 2186 1333 2233 praebeat
1363 2184 1517 2225 ἅπαντας
1546 2189 1597 2223 sic
1628 2200 1665 2224 re
1695 2199 1781 2223 vera

169 2265 250 2289 eum
274 2255 402 2300 legisse
433 2264 497 2300 pro
526 2258 622 2290 certo
653 2253 890 2288 affirmandum
920 2257 990 2299 est,
1027 2263 1115 2299 quae
1145 2252 1285 2298 quidem
1312 2253 1418 2286 lectio
1449 2253 1553 2288 etiam
1581 2255 1616 2287 in
1640 2254 1781 2299 reliquis

170 2322 256 2355 locis
281 2318 439 2355 omnibus
463 2330 552 2366 quos
575 2319 726 2355 indicavi
750 2323 786 2354 et
809 2320 845 2354 in
870 2319 1118 2354 commentario
1142 2319 1179 2353 in
1203 2318 1291 2353 Tim.
1317 2323 1485 2353 servatur.

1361 2375 1379 2403 3
