2117 2783
998 131 1046 168 21

212 232 265 267 bis
289 233 349 268 vel
371 238 498 267 recens
520 229 625 266 factis
647 231 708 266 vel
730 230 897 277 peculiari
918 229 1070 277 quodam
1092 228 1198 266 modo
1220 227 1397 276 adhibitis,
1423 238 1569 276 quorum
1586 232 1702 274 aptam
1717 228 1826 274 expli·

212 299 387 333 cntionem
411 305 456 331 eo
479 296 590 341 magis
613 295 741 332 frustra
764 297 801 331 in
823 295 949 332 lexicis
972 305 1134 343 quaeras,
1171 305 1277 343 quum
1301 305 1373 329 non
1395 305 1508 341 pauca
1532 295 1674 330 omnino
1698 293 1829 328 omissa

211 364 298 408 sint,
321 372 431 407 saepe
451 365 523 395 tam
546 370 688 407 magnas
712 365 852 407 tamque
876 365 1052 396 contortas
1078 361 1329 397 sententiarum
1346 358 1449 395 habet
1469 360 1765 405 continuationes,
1789 364 1828 392 ut

209 428 313 463 facile
336 427 449 461 lector
472 426 634 472 fatigetur
657 426 842 473 taedioque
865 425 1046 474 afficiam,
1071 437 1143 463 non
1165 426 1305 474 propria
1322 427 1560 475 commentarii
1577 427 1614 461 in
1629 425 1825 469 Timaeum,

210 492 276 527 sed
309 492 369 527 vel
405 492 558 527 omnium
589 494 650 529 vel
685 492 871 527 multorum
906 496 1003 528 certe
1031 492 1148 531 Procli
1183 493 1391 538 scriptorum
1427 491 1620 527 communis
1655 489 1826 536 quaedam

209 555 395 592 difficultas
420 560 484 592 est.
534 556 615 592 Hoc
639 560 757 591 autem
780 557 953 603 singulare
978 556 1151 604 quoddam
1173 556 1314 603 legendi
1338 557 1578 592 commentarii
1601 555 1692 590 illius
1716 555 1824 600 impe-

209 622 400 657 dimentum
430 626 501 668 est,
539 621 632 667 quod
661 621 870 657 Valderiana
898 622 1006 658 editio
1037 626 1077 658 ut
1103 623 1221 657 multis
1250 623 1401 659 fortasse
1435 623 1525 658 locis
1566 621 1826 668 typothetarum

207 688 341 721 incuria
365 688 415 721 ita
437 696 510 720 non
533 687 653 732 paucis
677 691 812 722 retenta
835 688 969 723 codicis
997 689 1149 722 lectione
1174 692 1260 733 quot
1288 692 1326 722 et
1353 689 1490 733 quantis
1511 688 1608 723 vitiis
1632 686 1826 721 deformata

206 752 252 787 sit
280 751 349 786 dici
379 752 440 787 vix
463 754 589 798 potest.
652 751 809 795 Quorum
832 752 996 788 vitiorum
1025 760 1152 800 magna
1180 753 1239 788 illa
1275 762 1355 799 pars
1392 762 1482 800 quae
1518 763 1565 788 ex
1599 762 1709 798 prava
1744 761 1823 797 pro-

205 817 418 851 nmtiatione
451 821 528 851 orta
561 821 616 852 est
650 818 734 851 satis
769 818 909 854 facilem
943 817 1073 851 habere
1105 820 1197 852 solet
1233 819 1504 863 correctionem,
1541 818 1640 852 velut
1665 815 1725 850 ubi
1759 826 1823 861 pro

204 880 449 929 παράδειγμα,
478 880 539 927 δή,
577 880 752 924 διατείνει,
791 879 973 927 ἀφήγησις,
1009 886 1266 930 κεχωρισμένα,
1305 882 1549 930 προφερόμενα
1584 881 1737 928 positum
1768 886 1823 914 est

204 946 435 993 παράδηγμα,
472 945 544 988 δεῖ,
581 946 741 988 διακίνει,
778 943 963 990 ἅφήγυσις,
999 951 1280 994 καιχωρισμένα,
1316 947 1581 994 προφερώμενα.
1653 944 1822 989 Ejusdem

203 1012 342 1056 generis
374 1021 580 1058 quamquam
607 1021 680 1045 non
711 1010 912 1046 difficillima
940 1010 1081 1058 quidem
1111 1012 1177 1047 sed
1212 1021 1301 1058 quae
1337 1012 1464 1046 morari
1498 1015 1616 1046 tamen
1652 1012 1822 1045 lectorem

202 1078 338 1122 possint
353 1080 435 1112 sunt
454 1077 559 1111 haec:
583 1087 617 1122 p.
633 1082 691 1122 86,
707 1083 751 1113 18
778 1074 886 1115 ὅπως
903 1086 967 1123 pro
984 1074 1102 1121 ὅπως
1124 1088 1158 1124 p.
1174 1084 1233 1124 75,
1248 1084 1291 1113 17
1310 1075 1407 1115 ὄντος
1421 1087 1486 1122 pro
1503 1074 1628 1120 &mg
1652 1087 1685 1121 p.
1702 1083 1784 1120 145,
1798 1082 1820 1110 3

202 1141 293 1176 κατὰ
317 1142 420 1186 φύσιν
443 1151 507 1188 pro
531 1140 633 1175 καθά
657 1151 760 1187 φησιν
767 1152 783 1187 ,·
805 1153 839 1188 p.
854 1148 924 1178 238
937 1140 995 1177 lib.
1010 1150 1031 1179 4
1044 1143 1092 1177 in.
1116 1142 1281 1178 καθοίσιν
1304 1152 1369 1190 pro
1391 1140 1518 1180 καθώς
1540 1151 1628 1176 τισιν
1641 1142 1703 1176 vel
1721 1139 1823 1174 καθά

202 1217 301 1243 τισιν.
366 1206 440 1243 Sed
468 1216 540 1242 non
567 1207 672 1242 facile
701 1209 808 1242 ullum
836 1208 1007 1254 peccandi
1034 1218 1147 1254 genus
1176 1209 1368 1253 excogitari
1396 1208 1525 1255 poterit
1553 1207 1655 1253 cujus
1684 1207 1823 1252 antiqua

201 1274 259 1307 illa
287 1272 395 1307 editio
422 1282 494 1306 non
518 1270 648 1305 habeat
675 1273 836 1317 exempla
865 1274 951 1306 satis
978 1274 1110 1314 multa3
1158 1284 1193 1318 p.
1216 1279 1274 1319 68,
1296 1279 1339 1308 12
1366 1277 1422 1306 est
1447 1271 1550 1312 ἔδοξα
1573 1281 1638 1317 pro
1668 1271 1689 1315 ἦ
1714 1271 1821 1313 δόξα,-

201 1349 234 1383 p.
257 1344 313 1383 70,
334 1344 354 1372 4
380 1332 468 1371 τοῦτ’
487 1334 578 1370 ἐστιν
600 1345 665 1382 pro
689 1337 752 1369 τοῦ
775 1339 813 1370 τί
831 1334 946 1380 ioum·
980 1347 1016 1383 p.
1034 1343 1118 1383 200,
1144 1344 1190 1380 3-0
1210 1340 1534 1384 χρυσαιοραγείρετο
1556 1347 1621 1385 pro
1640 1336 1819 1383 χρυσάορα

201 1406 360 1445 γείνατος
382 1412 416 1446 p.
432 1407 515 1446 222,
528 1407 574 1436 27
601 1399 788 1437 δακτύλσυς
811 1399 849 1434 δέ
872 1411 937 1445 pro
960 1399 1060 1434 sam.
1083 1399 1121 1434 δὲ
1144 1401 1186 1445 ἒς
1208 1402 1245 1436 in
1268 1402 1402 1447 magnis
1419 1401 1487 1435 illis
1504 1400 1819 1446 computationibus

201 1476 289 1514 quae
312 1464 395 1501 inde
419 1474 441 1500 a
465 1475 499 1512 p.
523 1470 592 1501 193
615 1463 661 1501 ad
684 1463 770 1501 Plat.
795 1463 884 1500 Tim.
909 1476 944 1511 p.
962 1471 1007 1501 3⁶
1027 1463 1069 1500 Β.
1099 1465 1290 1511 respiciunt
1317 1467 1495 1511 signorum
1524 1466 1819 1501 arithmeticorum

200 1541 326 1577 magna
349 1531 451 1577 copia
474 1534 638 1576 corrupta
661 1534 727 1565 est.

296 1595 551 1641 Nonnunquam
574 1595 659 1630 satis
684 1595 793 1630 scitae
817 1595 1041 1631 inveniuntur
1063 1594 1300 1629 correctiones
1323 1595 1384 1629 vel
1412 1596 1449 1630 in
1477 1597 1653 1643 marginae
1683 1596 1818 1641 positae

200 1664 260 1697 vel
289 1662 326 1697 in
361 1664 495 1697 textum
527 1663 692 1706 receptae
727 1663 765 1695 et
791 1660 910 1706 parv-is
943 1658 1107 1695 crucibus
1138 1659 1322 1695 indicatae.
1395 1660 1652 1707 Nonnunquam
1687 1671 1818 1708 pravae

199 1728 370 1763 lectiones
384 1725 561 1761 infelicius
570 1728 746 1762 tentantur
757 1728 796 1760 ut
808 1736 841 1771 p.
856 1732 926 1762 280
938 1724 999 1760 ubi
1009 1735 1115 1772 quum
1125 1726 1163 1760 in
1178 1726 1341 1760 lemmate
1354 1735 1400 1760 ex
1411 1725 1498 1761 Plat.
1510 1725 1600 1761 Tim.
1614 1716 1651 1773 p.‘
1664 1733 1707 1762 40
1721 1725 1761 1761 Β.
1775 1726 1817 1761 C.

202 1793 385 1836 desumpto
402 1792 538 1836 legatur
559 1789 763 1834 mmmm
780 1789 817 1824 δὲ
834 1794 915 1837 περί
928 1790 988 1824 τὸν
1006 1789 1191 1828 &marroc
1214 1790 1303 1834 (sic)
1326 1791 1435 1825 πόλον
1451 1795 1673 1836 τεταγμένον,
1696 1788 1817 1836 margo

199 1856 303 1893 habet
325 1854 540 1900 εἷλονμένην,
564 1854 679 1901 ipsum
701 1858 819 1889 autem
842 1854 1005 1890 Proclum
1028 1854 1192 1891 habuisse
1216 1853 1398 1900 ἰλλομένην
1420 1854 1648 1891 Ruhnkenius
1671 1857 1709 1891 in
1732 1861 1815 1890 nota

199 1923 243 1957 ad
266 1922 356 1957 Tim.
379 1923 447 1956 lex.
478 1931 513 1966 p.
539 1926 583 1955 69
610 1929 685 1965 seq.
710 1929 756 1953 ex
784 1919 1033 1954 commentario
1060 1919 1230 1967 probavit.
1303 1918 1359 1954 Ex
1387 1919 1515 1955 eodem
1542 1921 1643 1955 fonte
1669 1921 1813 1965 intelligi

198 1991 315 2034 potest
338 1987 443 2022 etiam
467 1988 682 2030 ταταγμένον
705 1994 786 2019 esse
810 1987 1028 2032 corruptum,
1057 1991 1262 2031 quamquam
1287 1984 1375 2019 haec
1402 1985 1509 2020 lectio
1533 1989 1571 2020 et
1598 1986 1635 2020 in
1659 1985 1815 2020 Platonis

199 2057 236 2088 et
257 2053 295 2086 in
317 2052 516 2087 Aristotelis
541 2050 604 2094 (de
627 2051 716 2085 coel.
742 2057 778 2096 2,
805 2056 847 2085 13
872 2061 907 2095 p.
920 2056 1002 2086 293.
1028 2049 1062 2084 b.
1080 2056 1137 2086 31.
1163 2050 1196 2093 ξ.
1216 2057 1259 2085 75
1285 2053 1354 2084 ant.
1380 2050 1455 2093 ed)
1481 2050 1584 2085 codd.
1608 2049 1815 2097 quibusdam

198 2116 387 2161 invenitur,
424 2116 489 2151 sed
517 2115 661 2151 Proclus
694 2125 772 2149 eam
798 2124 871 2148 non
902 2113 1080 2161 probavit,
1118 2114 1176 2149 cui
1206 2124 1321 2160 neque
1354 2124 1376 2149 a
1407 2113 1618 2150 Ruhnkenio
1646 2126 1762 2162 neque
1792 2126 1814 2149 a

196 2181 405 2217 Buttmanno
433 2191 548 2227 neque
578 2179 622 2215 ab
644 2178 835 2214 editoribus
851 2178 991 2214 'Tmaei
1019 2179 1103 2217 satis
1132 2180 1272 2214 allatum
1302 2189 1385 2215 esse
1416 2180 1536 2215 auxilii
1567 2181 1638 2215 alio
1664 2180 1814 2216 fortasse

198 2251 235 2282 et
256 2248 340 2281 loco
369 2248 407 2280 et
433 2250 593 2292 tempore
621 2244 925 2293 demonstrabitur3
949 2255 1043 2280 nunc
1071 2248 1256 2291 propterea
1291 2245 1362 2280 hoc
1396 2246 1617 2292 potissimum
1652 2247 1814 2292 exemplo

198 2321 286 2348 usus
310 2321 406 2359 sum,
442 2311 536 2359 quod
559 2312 661 2348 simul
685 2311 790 2347 docet
818 2311 1015 2358 discrepare
1044 2320 1292 2359 nonnunquam
1321 2312 1486 2348 lemmata
1508 2311 1553 2347 ab
1576 2311 1814 2358 explicationi·
