2117 2783
53 20 80 42 θ

151 3 188 27 0⁴

121 15 150 33 υ
233 115 1830 280 Μῆἒθὲὶῑῖᾷὲὲξεεέεφψ

554 635 661 694 ΒΕ
721 634 1009 695 {ulmo
1065 634 1510 693 PMToNIS

493 754 554 796 nx
589 755 765 797 moon
801 753 1181 797 confluximus
1214 752 1573 795 arsurumne).

224 1007 423 1106 ‘oclus
458 1059 660 1094 Diadochus
693 1065 730 1095 et
764 1070 911 1106 magnae
941 1060 1119 1094 doctrinae
1151 1061 1261 1105 gloria
1290 1064 1326 1094 et
1357 1061 1484 1105 insigni
1514 1070 1668 1095 summae
1699 1063 1837 1096 virtutis

223 1124 326 1160 laude
351 1124 534 1171 aliquando
558 1125 769 1172 conspicuus
793 1131 957 1172 quantum
986 1125 1039 1160 rei
1069 1125 1240 1160 literariae
1271 1124 1457 1171 profuerit,
1499 1125 1602 1167 etiam
1633 1124 1675 1160 ab
1706 1127 1749 1160 iis
1780 1128 1838 1161 vel

224 1192 379 1225 nescitur
402 1200 647 1237 nonnunquam
669 1193 728 1227 vel
752 1201 872 1237 parum
897 1195 1053 1236 curatur,
1090 1200 1235 1236 quorum
1265 1191 1323 1225 ille
1348 1190 1470 1224 studiis
1495 1201 1621 1235 magno
1646 1193 1773 1225 auxilio
1799 1196 1835 1225 ct

224 1254 432 1291 adminiculo
462 1266 541 1291 esse
571 1256 693 1303 potuit.
755 1255 872 1299 Quum
904 1257 996 1291 enim
1026 1255 1179 1291 Platonis
1208 1255 1298 1291 adeo
1327 1256 1432 1291 fuerit
1461 1255 1653 1302 studiosus,
1690 1262 1727 1291 ut
1757 1268 1836 1291 eum

223 1331 387 1356 verorum
410 1321 584 1356 initiorum
609 1321 732 1368 quibus
757 1325 936 1367 separatae
961 1332 982 1356 a
1005 1321 1226 1357 terrestribus
1250 1323 1338 1356 locis
1361 1325 1497 1356 mentes
1523 1322 1712 1367 initiantur,
1749 1333 1834 1367 quo-

223 1396 366 1433 rumque
396 1396 484 1432 quae
514 1386 654 1421 felicem
684 1386 888 1436 beatamque
919 1387 1026 1423 vitam
1056 1397 1142 1422 vere
1172 1388 1340 1434 consequi
1364 1387 1505 1433 cupiunt
1529 1387 1713 1433 participes
1738 1387 1833 1433 fiunt,

222 1452 321 1498 quasi
345 1451 471 1487 ducem
495 1456 531 1487 et
554 1452 773 1488 sacerdotem
798 1453 1039 1500 (προηγεμόνα
1063 1455 1123 1486 καὶ
1145 1452 1368 1501 ἱεροφάντην)
1394 1453 1509 1486 dicere
1534 1462 1604 1486 non
1622 1451 1832 1487 dubitaverit

223 1516 294 1558 (De
320 1518 423 1551 theol.
448 1518 529 1562 plat.
559 1525 590 1564 1,
619 1525 636 1553 1
663 1529 696 1563 p.
714 1525 731 1553 1
760 1517 815 1552 ed.
840 1517 969 1563 Porti),
999 1528 1173 1564 quumque
1197 1517 1398 1552 acutissimo
1424 1516 1557 1561 judicio
1582 1517 1774 1563 praeditum
1800 1523 1837 1552 et

222 1583 464 1628 grammaticae
501 1584 584 1618 artis
612 1584 859 1630 peritissimum
895 1594 975 1619 eum
1006 1584 1116 1619 fuisse
1153 1588 1190 1619 et
1225 1582 1361 1618 aliunde
1398 1579 1536 1617 constet
1572 1589 1607 1617 et
1644 1594 1689 1617 ex
1727 1584 1835 1628 ipsius

223 1649 360 1693 scriptis
382 1648 486 1681 facile
510 1649 734 1693 intelligatur,
771 1658 875 1681 nemo
905 1658 976 1682 non
1006 1648 1103 1682 videt
1128 1647 1206 1681 talis
1235 1647 1302 1682 viri
1327 1646 1458 1691 judicia
1483 1651 1519 1681 et
1542 1647 1740 1681 testimonia
1765 1652 1835 1681 tam

221 1713 266 1748 ad
299 1712 536 1759 explicandam
565 1712 674 1749 divini
702 1713 896 1760 philosophi
927 1713 1116 1747 doctrinam
1146 1723 1247 1759 quam
1276 1712 1320 1747 ad
1354 1712 1613 1747 constituendas
1638 1717 1752 1747 textus
1777 1715 1836 1758 qui

221 1782 367 1813 vocatur
395 1779 567 1812 lectiones
595 1780 739 1812 multum
770 1788 854 1812 sane
889 1779 1048 1811 conferre
1078 1788 1195 1823 posse.
1269 1778 1384 1823 Atque
1415 1788 1520 1823 quum
1550 1777 1594 1811 de
1628 1777 1834 1812 lectionibus

222 1842 360 1890 quidem
388 1842 479 1878 infra
506 1844 604 1889 plura
633 1843 699 1878 sim
724 1842 975 1890 disputaturus,
1013 1844 1116 1878 etiam
1145 1844 1183 1878 in
1210 1844 1424 1890 philosophia
1448 1843 1600 1878 Platonis
1629 1844 1834 1889 explicanda

222 1909 382 1943 Proclum
405 1910 495 1942 male
520 1910 717 1952 neglectum
741 1918 822 1941 esse
848 1918 918 1941 uno
943 1909 1078 1941 saltem·
1089 1918 1183 1941 nunc
1208 1907 1388 1948 ostendam
1413 1909 1583 1952 exemplo.

316 1973 380 2008 Vir
404 1972 542 2020 quidam
555 1972 679 2007 doctus
702 1982 769 2007 nec
794 1972 927 2017 vulgari
950 1972 1125 2017 praeditus
1146 1972 1276 2017 ingenii
1293 1954 1572 2016 acumine-’longa
1590 1972 1833 2007 dissertatione

220 2042 411 2087 monsQre
442 2048 553 2083 nuper
584 2041 729 2071 conatus
754 2037 887 2071 Platoni
917 2036 1020 2070 deum
1051 2046 1130 2070 esse
1154 2035 1268 2072 ideam
1293 2035 1390 2081 boni,
1427 2036 1717 2081 quemadmodum
1743 2048 1833 2083 quae

220 2102 342 2148 reliqui
366 2106 525 2138 vetermn
540 2088 826 2149 philosophorum
851 2101 896 2136 ad
920 2101 1141 2136 obtinendam
1162 2102 1253 2136 hanc
1268 2101 1480 2136 sententiam
1493 2101 1688 2137 docuerunt
1709 2105 1836 2149 omisit,

220 2169 269 2209 ita
291 2169 527 2210 nec„aliormn
551 2168 665 2204 Procli
690 2169 896 2215 scriptorum
919 2154 1132 2202 mentionem
1155 2167 1257 2213 fecit,
1283 2177 1396 2213 neque
1415 2167 1592 2213 egregiam
1609 2168 1700 2203 illam
1717 2179 1835 2214 quam-

221 2243 321 2280 quam
357 2232 510 2287 mendis.
530 2234 668 2281 quidem
704 2244 776 2269 non
811 2234 930 2281 paucis
966 2236 1161 2279 corruptam
1199 2232 1482 2280 disputationem,
1520 2244 1608 2280 quae
1647 2235 1833 2279 inscripta:

219 2301 295 2347 περὶ
317 2301 380 2333 τοῦ
402 2289 605 2346 ἕν’πολιτείᾳ
616 2300 722 2344 λόγου
742 2302 801 2334 τοῦ
825 2298 1012 2336 δεικνύντος
1030 2302 1066 2332 τί
1084 2302 1168 2332 ποτέ
1180 2296 1251 2332 ἐστι
1269 2295 1433 2343 τάγαθόν
1456 2299 1547 2333 inter
1572 2299 1834 2335 dissertationes
