2117 2783
201 21 223 88 *αἱ

276 0 307 67 ,ἐχ

1001 129 1082 198 24·

214 258 392 293 Πλάτωνα
416 257 476 293 τὸν
504 258 637 303 ’κόσμον
661 254 826 303 ἀγένητον
848 255 952 303 ὄντα,
985 266 1151 306 γενέσεως
1174 259 1263 306 ᾔειν
1286 257 1394 308 ἀρχήν
1400 285 1414 303 ‚
1448 256 1469 294 ὃ
1491 261 1553 294 καὶ
1575 259 1754 302 πλεονάζει
1777 265 1839 298 τοῦ

214 322 313 360 ὄντος
336 324 439 365 (haec
463 327 641 368 postrema
663 322 814 370 fortasse
839 330 1003 371 corrupta
1026 327 1178 379 putapda
1200 336 1271 361 non
1294 330 1391 372 sunt,
1416 326 1472 360 sin
1494 326 1595 360 aliter
1618 326 1851 362 statuendum·

213 389 353 424 videtur
377 388 550 422 correctio
574 388 612 422 in
635 392 773 435 promtu
797 390 880 433 est).
915 387 1045 425 ἐκείνου
1067 393 1134 437 μέν
1157 389 1211 427 ἀεὶ
1234 389 1347 433 ὄντος,
1378 392 1438 425 τοῦ
1462 389 1500 425 δὲ
1523 391 1657 435 κόσμου
1679 391 1764 439 πρὸς
1786 393 1838 438 τῷ

215 452 267 488 ἀεὶ
291 451 399 495 εἶναι,
424 455 483 486 καὶ
507 456 672 498 γενέσεως
696 452 832 498 ἔχοντος
855 451 974 501 ἀρχὴν,
997 454 1041 490 ἵν’
1053 454 1075 502 ᾗ
1093 459 1154 492 καὶ
1172 455 1231 495 ἀεὶ,
1244 455 1295 492 ὤν
1311 458 1370 491 καὶ
1386 457 1534 501 γενητός.
1575 455 1714 491 Deinde
1737 467 1836 491 mon-

213 524 341 554 stratur
374 529 524 565 peccare
558 520 640 566 hos,
677 530 782 566 quum
817 530 987 567 nusquam
1011 520 1110 556 Plato
1143 522 1180 556 in
1214 521 1437 570 sequentibus
1474 521 1620 556 dixerit:
1670 523 1743 559 πῶς
1772 523 1837 566 μὲν

213 583 377 628 γενητόν,
402 586 475 622 πῶς
498 584 535 619 δὲ
561 581 679 628 ἆγενὲς
701 584 742 618 τὸ
765 586 835 619 πᾶν
859 585 935 628 (lin.
951 588 1026 630 32).
1077 587 1277 632 Sequuntur
1299 589 1357 622 lin.
1380 595 1423 624 33
1448 588 1557 621 haec:
1596 585 1630 620 oi
1656 586 1693 620 δὲ
1717 583 1838 630 ἀμφό-

214 661 295 696 τερα
320 648 488 683 ἐδάσυναν
497 675 510 692 ,
540 648 599 684 ἵνα
623 650 726 700 λέγῃ,
757 650 966 696 ποιήσεσθαι
989 650 1068 690 τοῦς
1088 653 1166 698 περὶ
1190 653 1252 686 τοῦ
1274 652 1403 691 παντὸς
1425 653 1564 697 λόγους,
1594 648 1617 697 ᾗ
1640 656 1793 696 γέγονεν,
1814 648 1836 696 ᾗ
1892 646 1897 652 ’

213 713 329 757 ἅγενὲς
353 713 443 756 ἐστι,
467 714 512 748 τοὶ
538 711 628 749 αῧτοὶ
651 717 722 754 τοῖς
745 716 813 763 πρὸ
836 714 951 752 αῧτῶν
975 715 1250 764 ἁμαρτάνοντες,
1274 716 1309 750 εἰ
1323 718 1374 761 μή
1392 714 1453 761 οὔχ
1472 716 1521 755 ὥς
1536 719 1668 761 λέγοιεν
1691 718 1836 760 γεγονός

211 783 271 814 καὶ
297 777 462 825 ἀγένητον
487 780 528 833 τὸ
551 782 621 815 πᾶν
645 781 738 823 (vitii
763 782 890 829 aliquid
914 783 950 817 in
973 782 1027 816 his
1050 783 1152 827 latet,
1176 782 1349 817 sententia
1371 784 1491 818 tamen
1508 781 1646 818 videtur
1663 792 1742 816 esse
1760 782 1837 817 fere

213 848 319 881 haec:
347 857 391 880 eo
416 847 452 880 hi
468 846 608 893 quidem
626 847 741 880 minus
764 852 914 892 peccant
938 858 1041 891 quam
1065 848 1280 897 superiores,
1305 847 1400 892 quod
1423 857 1496 881 non
1520 848 1695 893 expressis
1719 847 1836 883 verbis

211 915 344 957 ponunt
370 915 552 956 utrumque
568 910 705 945 vadere
730 911 767 944 in
791 910 832 944 τὸ
854 910 957 954 πᾶν).
1006 910 1099 944 κατὰ
1122 913 1188 955 μὲν
1212 906 1252 944 τὸ
1274 908 1381 952 εἶδος,
1412 912 1571 954 γεγονός,
1602 913 1694 945 κατὰ
1718 912 1765 946 δὲ.
1778 913 1837 956 τὴν

189 975 356 1020 ,τιθήνην
381 972 557 1019 ἀγένητον.
607 972 698 1009 οὕτω
721 975 791 1022 γὰρ
815 977 875 1009 καὶ
900 974 921 1009 ὅ
949 978 1093 1020 Τίμαιος
1117 974 1198 1022 ἐρεῖ,
1223 975 1283 1020 τῆν
1306 977 1372 1020 μὲν
1396 972 1561 1020 ἀγένητον
1585 974 1693 1018 εἶναι,
1717 978 1777 1011 τὸν
1801 978 1838 1012 δὲ

211 1043 343 1086 κόσμον
372 1039 515 1086 γενητὸν
545 1037 594 1078 ὥς
625 1037 696 1074 ἀπὸ
724 1042 785 1074 τοῦ
815 1040 905 1075 θεοῦ
934 1040 975 1074 τὸ
1009 1037 1097 1077 εἶδος
1126 1039 1313 1085 δεξάμενον
1350 1041 1461 1082 (haec
1485 1041 1635 1076 fortasse
1660 1036 1732 1075 non
1757 1047 1845 1077 sunt·

212 1111 386 1151 corrupta.
413 1106 459 1140 cf.
486 1105 573 1140 Plat.
598 1105 687 1139 Tim.
713 1116 747 1150 p.
763 1113 808 1141 49
827 1105 871 1139 A.
889 1117 922 1151 p.
939 1107 1013 1149 52).
1065 1106 1260 1152 Πορφὺριος
1284 1105 1321 1140 δὲ
1343 1109 1404 1140 καὶ
1420 1103 1620 1150 Ἰάμβλιχός
1639 1103 1837 1153 α’μφότεροι

214 1174 298 1217 (leg.
325 1168 539 1217 ἀμφότερον)
564 1171 744 1216 ψιλοῦσιν,
768 1168 827 1204 ἵνα
849 1167 871 1214 ᾗ
895 1169 936 1203 τῦ
959 1170 1169 1214 λεγόμενον,
1199 1171 1345 1217 πότερον
1367 1175 1547 1214 γεγονέναι
1571 1171 1655 1216 (leg.
1681 1173 1837 1215 γέγονεν)

211 1238 252 1271 τῦ
276 1239 364 1278 πᾶν,
395 1234 418 1280 ἦ
441 1232 559 1279 «irem
583 1234 672 1270 ἐστι.
709 1237 811 1269 τοῦτο
834 1235 905 1282 γὰρ
920 1234 1182 1281 ἐπισκέψεσθαι
1202 1235 1302 1283 (sic)
1333 1235 1401 1282 πρὸ
1425 1237 1494 1270 τῶν
1518 1233 1639 1270 ἄλλων
1663 1235 1837 1272 ἁπάντων.

210 1305 270 1336 καὶ
301 1302 372 1347 γὰρ
401 1304 566 1345 μεγίστην
597 1299 634 1334 ἐν
657 1302 699 1346 τῇ
723 1297 786 1346 ὅλῃ
817 1301 1024 1346 φυσιολογίᾳ
1053 1305 1239 1348 παρέχεται
1264 1301 1458 1335 συντέλειαν
1482 1298 1600 1348 ὄρθαῖς
1622 1300 1793 1337 §notemur
1816 1301 1837 1346 ἢ

209 1368 351 1411 γενητόν
368 1365 388 1410 ἢ
405 1363 569 1409 ἆγένητον
585 1363 673 1399 εἶναι
694 1365 754 1399 τὸν
778 1366 921 1410 κόσμον.
969 1365 1131 1412 Denique
1156 1367 1245 1401 haec
1269 1367 1383 1400 omnis
1407 1366 1594 1412 disputatio
1620 1368 1837 1403 concluditur

211 1434 286 1475 (lin.
304 1440 346 1468 15
373 1442 394 1466 a
418 1431 493 1475 fin.)
519 1431 592 1465 sic:
619 1429 754 1465 ἔσονται
778 1428 848 1478 ἄρα
872 1430 905 1465 οἳ
928 1432 1030 1475 λόγοι
1053 1433 1130 1478 περὶ
1154 1433 1215 1466 τοῦ
1238 1431 1365 1469 παντὸς
1388 1430 1611 1469 διδασκαλίας
1634 1430 1734 1466 ἕνεκα
1766 1433 1835 1475 (his

208 1499 351 1543 respicit
368 1497 412 1530 ad
427 1497 490 1540 πή)
514 1497 688 1541 προϊόντες
711 1493 769 1530 ἀπ’
795 1494 899 1543 ἀρχῆς
923 1495 1123 1544 ὄρμώμενυι
1148 1497 1287 1541 ταύτης,
1312 1497 1379 1531 εἴτε
1402 1501 1544 1540 γέγονεν
1568 1495 1589 1530 ὅ
1614 1498 1745 1541 κόσμος
1769 1499 1836 1533 εἴτε
1897 1510 1901 1514 ·

210 1561 373 1606 &ymnis
396 1560 478 1596 ἐστι.
843 1567 849 1572 ”
1435 1563 1437 1566 '
1839 1555 1844 1560 ⁸

308 1627 364 1662 Ex
392 1629 444 1662 liis
477 1628 679 1673 intelligitur
708 1627 870 1662 Proclum
902 1626 1069 1673 probasse
1101 1628 1288 1662 lectionem
1318 1625 1438 1671 ἢ-ἥ,
1468 1626 1502 1661 εἰ
1530 1632 1647 1662 autem
1677 1628 1771 1674 quod
1799 1629 1836 1662 in

212 1698 373 1729 lemmate
404 1698 483 1728 ante
515 1690 633 1737 ἆγενές
660 1703 741 1728 esse
767 1692 897 1728 dictum
923 1697 978 1728 est
1002 1692 1045 1728 ab
1071 1703 1115 1728 eo
1140 1703 1211 1727 non
1235 1693 1396 1739 agnosci,
1434 1703 1640 1739 quamquam
1668 1694 1736 1728 hoc
1761 1695 1833 1739 qui-
1868 1701 1876 1745 ζ
1907 1688 1910 1692 ’

211 1761 291 1794 dem
316 1769 388 1793 non
413 1759 531 1803 magni
554 1760 721 1792 momenti
746 1763 817 1803 est,
842 1759 907 1792 sed
930 1760 1130 1804 intelligitur
1155 1759 1259 1792 etiam
1283 1759 1420 1803 quoties
1441 1760 1499 1792 vel
1524 1759 1601 1804 ipsa
1622 1757 1731 1793 verba
1745 1769 1834 1805 quae

210 1832 289 1871 post
327 1824 519 1868 μέλλοντας
555 1828 746 1870 sequuntur
783 1822 906 1857 afferat
942 1825 1001 1859 vel
1038 1824 1243 1858 sententiam
1274 1833 1395 1872 eorum
1424 1827 1573 1869 repetat,
1611 1824 1716 1858 toties
1753 1834 1850 1858 eum·

211 1892 370 1924 omittere
395 1890 455 1922 καὶ
480 1888 573 1935 quod
597 1889 633 1921 in
654 1889 803 1933 vulgatis
829 1891 988 1934 est-ante
1014 1886 1148 1931 α’γενές,
1174 1892 1323 1933 excepto
1348 1898 1418 1922 uno
1443 1898 1488 1922 eo
1512 1890 1593 1922 loco
1617 1899 1687 1934 quo
1705 1899 1833 1924 ,eorum

210 1955 416 1990 sententiam
430 1954 584 2000 exponit,
610 1954 669 1999 qui
694 1952 734 1986 τὸ
759 1955 828 1987 πᾶν
853 1957 888 1987 et
912 1954 1056 1997 γενητόν
1080 1956 1115 1987 et
1141 1949 1258 1996 ἆγενές
1281 1963 1361 1987 esse
1387 1957 1596 1999 statuerunt,
1621 1962 1724 1998 quam
1749 1964 1832 1999 quo-

211 2021 315 2054 modo
340 2020 489 2064 rejicere
514 2019 627 2065 potuit
652 2019 683 2052 si
707 2019 792 2052 illud
815 2021 875 2052 καῑ
903 2019 940 2052 in
964 2023 1063 2053 textu
1087 2018 1231 2052 habuit?
1280 2022 1340 2061 aut
1363 2020 1394 2052 si
1417 2017 1551 2063 habuit,
1589 2017 1764 2063 quomodo
1788 2019 1832 2053 de

212 2086 442 2131 explicatione
479 2084 582 2129 hujus
619 2075 808 2130 particulae
845 2088 964 2118 tacere
1001 2082 1140 2129 potuit?
1201 2068 1315 2117 Plane·
1337 2083 1419 2117 mihi
1448 2092 1653 2128 persuasum
1683 2087 1737 2117 est
1765 2093 1832 2117 nec

209 2150 373 2185 Proclum
398 2151 486 2183 hanc
512 2150 714 2194 particulam
738 2150 866 2194 legisse
892 2154 928 2183 et
952 2159 974 2182 a
995 2148 1149 2183 Platonis
1173 2153 1290 2182 mente
1315 2149 1462 2182 alienam
1487 2158 1565 2182 eam
1590 2158 1669 2182 esse
1694 2151 1731 2181 et
1754 2148 1831 2182 fon-

209 2222 280 2249 tem
307 2213 399 2248 unde
426 2214 462 2247 in
473 2213 627 2248 Platonis
651 2218 784 2249 textum
809 2214 1002 2248 manaverit
1018 2213 1133 2248 Procli
1158 2212 1274 2247 verbis
1300 2214 1385 2247 satis
1410 2221 1490 2246 esse
1514 2211 1711 2246 indicatum.
1763 2211 1833 2253 Qui

208 2290 347 2314 mecum
374 2279 573 2312 consentire
598 2289 669 2313 non
693 2281 830 2323 volent,
854 2280 920 2312 hoc
946 2278 1102 2312 habento.
1122 2278 1205 2312 satis
1230 2278 1351 2322 fragile
1377 2281 1416 2311 ut
1436 2277 1519 2310 mihi
1537 2277 1675 2321 quidem
1695 2275 1833 2310 v-idet'ur

209 2344 455 2379 adminiculum
488 2342 582 2390 quod
611 2342 722 2378 Procl.
749 2355 781 2388 p.
805 2350 862 2388 84,
884 2350 929 2378 25
962 2344 1065 2376 dicit:
1117 2342 1154 2376 ἕν
1186 2344 1255 2379 τοῖς
1284 2342 1351 2388 πρὸ
1385 2343 1453 2378 τῶν
1481 2337 1685 2374 ὕποθέσεων
1715 2341 1834 2383 λογοις
