2117 2783
988 151 1037 187 30

200 251 337 294 εἰκόνα,
368 253 428 285 καὶ
452 249 515 285 δύο
545 251 677 287 τούτοις
706 246 881 293 ἇνάλογων
905 250 994 294 (sic)
1020 248 1236 294 ἐλάμβανεν,
1273 247 1460 293 &mutim
1490 249 1551 284 καὶ
1581 248 1828 295 εἶκοτολονίαν,

200 317 221 362 ἢ
247 315 419 362 ἀλήθειαν
442 317 502 349 καὶ
524 314 653 358 πίστιν)
677 313 832 349 dativum
857 314 999 360 quidem
1022 316 1119 350 illum
1144 313 1281 351 ἐκείνοις
1305 323 1389 349 sane
1413 313 1541 360 firmat,
1566 314 1631 350 sed
1655 311 1830 360 ἀνάλογον

201 388 320 428 aperte
350 383 516 416 vitiosum
548 384 620 425 est,
658 383 718 413 aut
748 380 842 414 enim
875 379 913 412 in
941 379 1012 413 duo
1047 379 1218 415 vocabula
1247 378 1504 415 distrahendum
1538 383 1610 425 est,
1645 384 1721 425 aut,
1759 391 1829 426 quo

201 451 328 482 lemma
351 446 502 480 fortasse
534 444 646 490 ducit,
682 454 848 479 numerus
881 443 1120 488 corrigendus.
1146 487 1151 490 ᾖ
1194 443 1321 479 Verbis
1353 440 1407 477 ὅτι
1443 441 1464 477 ὅ
1492 453 1536 478 ea
1570 443 1719 479 efficitur
1748 455 1827 479 sen-

202 513 387 547 tentiarum
428 510 653 545 cohaerentia
693 519 794 555 quam
831 509 889 543 alii
934 517 1231 554 supervacaneam
1270 509 1485 555 judicarunt,
1526 509 1585 543 alii
1624 510 1719 544 illato
1759 511 1830 557 γάρ

200 579 386 613 restituere
417 579 613 612 voluerunt.

301 643 492 677 Consilium
531 640 688 675 edendae
726 641 834 675 totius
872 640 950 685 ejus
986 640 1094 685 partis
1131 637 1267 674 Timaei
1297 639 1467 676 Platonici
1502 640 1546 676 ad
1582 651 1685 687 quam
1713 641 1829 677 Procli

203 708 471 742 commentarius
496 707 664 752 pertinet,
702 716 808 752 quum
837 704 882 740 ob
915 714 1040 739 causas
1069 703 1236 750 quasdam
1261 705 1346 741 satis
1370 716 1498 751 graves
1522 707 1580 741 vel
1604 708 1745 741 omnino
1769 706 1828 741 ab·

199 772 392 817 jiciendum
409 773 468 805 vel
485 772 554 805 hoc
573 775 670 805 certe
687 775 844 816 tempore
866 768 1094 804 omittendum
1110 769 1226 804 visum
1244 773 1356 814 esset,
1382 768 1498 805 oblata
1514 772 1579 805 hac
1601 772 1828 806 scholasticae

203 838 401 882 scriptionis
431 837 619 870 occasione
649 844 738 880 quae
763 834 900 868 Proclei
929 834 1168 868 commentarii
1198 838 1234 868 et
1264 817 1309 867 ad
1337 835 1553 870 restituenda
1583 840 1619 871 et
1647 835 1691 869 ad
1722 837 1827 882 expli·

203 902 316 936 canda
341 901 494 935 Platonis
519 898 628 935 verba
653 909 733 933 esse
758 903 880 944 posset
904 899 1032 933 utilitas
1048 898 1181 943 majore
1199 900 1437 944 exemplorum
1455 901 1558 945 copia
1574 910 1669 934 eram
1687 900 1827 935 demon-

204 972 397 1006 straturus;
449 964 513 998 sed
538 964 703 998 continua
728 965 860 998 vetusti
884 964 976 998 illius
1001 967 1038 997 et
1069 965 1128 998 vel
1158 963 1394 1009 magnitudine
1425 974 1489 998 sua
1518 965 1730 999 incommodi
1754 964 1830 1000 libri

202 1033 308 1066 lectio
334 1032 535 1075 intentaque
559 1029 866 1063 minutissimarum
891 1038 1006 1062 rerum
1031 1029 1278 1073 contemplatio
1304 1029 1484 1063 oculorum
1509 1030 1620 1063 aciem
1637 1029 1727 1064 adeo
1747 1031 1830 1064 mihi

202 1097 397 1139 hebetavit,
427 1098 466 1128 ut
494 1095 568 1139 jam
597 1095 706 1128 multa
734 1093 884 1128 fortasse
914 1103 985 1127 non
1014 1093 1318 1128 animadverterim
1342 1102 1430 1139 quae
1456 1098 1599 1129 enotare
1623 1095 1737 1139 volui,
1766 1095 1828 1129 im-

205 1173 272 1208 que
296 1159 589 1205 acquiescendum
614 1160 651 1192 in
675 1159 728 1193 his
752 1159 872 1203 paucis
898 1162 962 1192 est.
1015 1157 1178 1192 Ceterum
1203 1158 1308 1192 latina
1331 1158 1448 1204 lingua
1477 1159 1566 1193 haec
1591 1158 1722 1205 scribo,
1759 1170 1830 1194 non

205 1226 298 1272 quod
324 1235 401 1258 eam
426 1224 648 1269 germanicae
673 1222 937 1267 praeferendam
962 1223 1174 1267 existimem,
1199 1232 1267 1256 nec
1292 1222 1384 1268 quod
1408 1224 1552 1267 gloriam
1576 1224 1658 1258 inde
1683 1225 1830 1270 aliquam

208 1290 379 1334 consequi
404 1299 461 1322 me
486 1298 592 1333 posse
618 1297 772 1332 sperem,
797 1288 857 1322 vel
883 1288 913 1321 si
938 1296 1080 1331 possem
1105 1287 1184 1321 talis
1209 1297 1276 1331 ego
1301 1287 1367 1320 sim
1391 1288 1522 1331 gloriae
1547 1289 1710 1335 cupidus,
1740 1299 1829 1335 quae

202 1357 261 1389 vel
291 1356 448 1398 ignorata
476 1349 578 1398 patrii
607 1352 779 1386 sermonis
809 1351 847 1385 vi
875 1354 978 1396 atque
1012 1350 1177 1396 dignitate
1210 1352 1269 1385 vel
1294 1350 1429 1385 sublato
1459 1351 1719 1387 dissimulatove
1752 1354 1830 1398 ejus

203 1429 320 1453 amore
347 1420 502 1464 paritur;
551 1416 616 1451 sed
640 1416 685 1452 ob
711 1426 836 1451 causas
860 1417 965 1461 longe
990 1416 1085 1450 alias.
