2117 2783
1059 151 1103 186 18

367 248 440 283 Sed
471 247 595 282 nobilis
624 249 711 282 haec
742 249 954 293 negligentia
984 252 1114 285 nemini
1143 249 1318 295 incognita
1347 253 1424 290 est;
1474 249 1541 282 alia
1578 252 1695 283 autem
1723 247 1890 283 chalcidii

270 322 378 347 causa
408 316 477 358 est,
515 312 591 357 ejus
623 312 715 346 enim
749 313 786 346 in
817 313 922 347 latina
951 313 1087 350 Timaei
1123 314 1402 361 interpretatione
1437 313 1570 347 incuria
1603 318 1640 347 et
1674 311 1890 347 imbecillitas

269 381 365 412 tanta
389 382 458 423 est,
483 381 522 411 ut
544 377 625 412 inde
651 379 711 424 qui
734 379 793 413 vel
818 378 862 412 ad
886 379 1131 424 explicandum
1159 382 1218 416 vel
1242 379 1286 415 ad
1309 378 1551 424 corrigendum
1577 377 1729 413 Platonis
1757 381 1890 413 textum

271 443 397 488 aliquid
422 443 576 477 utilitatis
600 441 795 477 habiturum
820 454 859 477 se
885 444 1045 490 opinatur
1068 445 1171 479 valde
1196 446 1342 480 fallatur.

366 507 445 542 Jam
469 513 586 541 autem
610 509 719 542 misso
745 508 938 553 chalcidio,
971 519 1074 554 quem
1098 519 1144 543 ne
1169 510 1279 544 verbo
1304 510 1442 556 quidem
1466 509 1659 553 tetigissem
1683 508 1750 542 nisi
1774 509 1892 544 versio

272 571 349 616 ejus
380 574 488 618 vulgo
520 573 635 607 minus
665 577 760 607 esset
788 577 887 619 nota,
924 573 969 607 ad
999 573 1113 608 Procli
1145 575 1433 608 commentarium
1461 574 1496 607 in
1519 571 1700 607 Timaeum
1723 583 1781 607 me
1807 582 1890 606 con-

271 642 423 682 vertam,
453 637 555 681 cujus
580 638 666 670 ratio
692 647 736 671 ea
760 642 830 683 est,
867 642 922 683 ut,
957 649 1061 684 quum
1087 638 1237 684 quinque
1262 637 1356 672 libris
1383 638 1563 673 Timaeum
1587 636 1630 672 ab
1655 638 1755 672 initio
1781 648 1890 683 usque

272 701 316 736 ad
340 700 450 737 verba
478 707 720 749 πορευομένοις
743 702 904 744 ὃιεξιτέον
932 703 986 749 (p.
1008 711 1051 738 44
1070 702 1126 747 D)
1158 704 1424 749 complectatur,
1461 707 1535 738 tota
1566 713 1676 749 paene
1705 713 1749 738 ea
1776 707 1893 739 textus

258 768 435 813 >platonici
460 777 540 813 pars
566 767 612 801 ad
635 778 737 814 quam
763 769 921 814 respicit,
945 769 1095 802 maxime
1120 778 1208 803 vero
1226 778 1315 813 quae
1340 771 1502 813 quattuor
1526 768 1774 813 posterioribus
1797 767 1893 802 libris

271 836 454 879 tractatur,
484 834 620 878 qualem
650 839 773 868 auctor
796 832 915 868 habuit
944 834 1019 868 erui
1047 832 1128 867 inde
1159 833 1281 879 possit.
1355 832 1435 875 Qua
1463 836 1581 867 tamen
1605 844 1652 869 ex
1674 844 1712 869 re
1742 832 1893 868 editores

270 896 407 931 Timaei
430 897 542 930 adhuc
567 908 638 931 non
662 899 806 931 multum
831 898 986 932 utilitatis
1011 899 1148 943 cepisse
1166 898 1257 932 infra
1273 898 1421 932 fortasse
1439 897 1665 943 intelligetur,
1689 909 1893 944 quamquam

270 963 450 997 fatendum
486 967 541 997 est
574 974 675 997 usum
712 963 789 1006 ejus
819 965 1059 997 commentarii
1088 965 1125 997 in
1154 964 1288 1008 magnis
1326 974 1406 997 esse
1436 961 1713 1008 difficultatibus,
1750 974 1893 1009 quarum

271 1028 382 1073 prima
410 1031 481 1072 est,
519 1027 612 1072 quod
642 1028 852 1072 exemplaria
881 1037 953 1060 non
981 1038 1067 1061 sane
1091 1029 1199 1062 multa
1223 1028 1440 1073 reperiuntur
1468 1025 1545 1060 libri
1569 1028 1679 1060 semel
1702 1030 1833 1061 tantum
1859 1033 1895 1062 et

271 1098 355 1138 ante
377 1094 443 1126 tria
468 1094 610 1126 saccula
634 1093 806 1137 impressi.
857 1092 963 1127 Plane
989 1094 1082 1126 enim
1111 1098 1150 1126 ut
1174 1092 1304 1126 Eberto
1330 1097 1366 1127 et
1390 1092 1543 1137 Theoph.
1571 1092 1724 1136 Georgio
1748 1093 1784 1126 in
1808 1093 1895 1127 indi-

273 1157 372 1190 cibus
396 1155 562 1189 librorum
584 1157 831 1201 impressorum
851 1161 886 1190 et
903 1156 1130 1201 Gundlingi0‚
1157 1158 1215 1201 qui
1242 1161 1359 1190 tamen
1383 1157 1419 1190 in
1444 1166 1489 1190 eo
1513 1156 1642 1190 fallitur
1662 1155 1756 1202 quod
1771 1155 1895 1190 Marsi-

272 1223 357 1255 lium
374 1221 533 1254 Ficinum
559 1221 729 1255 editorem
754 1231 834 1254 esse
860 1221 962 1255 tradit
986 1222 1022 1254 in
1046 1222 1195 1265 collegio
1220 1221 1553 1254 historico-literario
1578 1231 1610 1266 p.
1627 1226 1708 1264 887,
1729 1231 1799 1254 una
1813 1221 1897 1255 mihi

272 1289 405 1319 tantum
443 1284 551 1318 editio
588 1285 826 1319 commentarii
864 1285 899 1318 in
930 1284 1111 1318 Timacum
1149 1285 1290 1329 cognita
1325 1288 1395 1329 est,
1433 1294 1544 1329 eaque
1580 1284 1707 1329 prodiit
1736 1283 1894 1319 Basileae

272 1361 325 1396 ap.
351 1349 406 1384 Jo.
433 1349 624 1383 Valderum
649 1359 739 1383 anno
768 1356 859 1384 1534
886 1349 945 1383 sol.
972 1360 1041 1384 una
1065 1360 1146 1383 cum
1171 1348 1325 1384 Platonis
1349 1347 1523 1394 operibus.
1579 1348 1659 1384 Non
1682 1349 1895 1394 incognitum

271 1415 355 1449 mihi
383 1414 523 1460 quidem
553 1419 607 1448 est
636 1413 832 1448 Fabricium
863 1415 898 1448 in
927 1413 1144 1449 Bibliotheca
1173 1424 1300 1459 graeca
1324 1418 1348 1448 t.
1370 1420 1389 1449 8
1416 1424 1448 1460 p.
1470 1420 1538 1449 524
1572 1413 1651 1454 (ed.
1676 1414 1758 1448 anni
1784 1416 1896 1459 1717)

271 1480 409 1515 tradere
444 1481 547 1514 etiam
576 1480 721 1515 Henrici
744 1480 840 1515 Petri
868 1480 1013 1514 editioni
1041 1480 1195 1515 Platonis
1233 1479 1357 1522 (Basil.
1388 1486 1478 1515 1556
1505 1479 1589 1523 fol.)
1627 1478 1781 1514 additum
1815 1491 1895 1516 esse

272 1546 388 1582 Procli
412 1547 714 1592 coimnentarium,
745 1545 808 1580 sed
833 1556 1039 1591 quamquam
1064 1556 1142 1580 eam
1168 1545 1356 1580 editionem
1381 1544 1534 1579 nondum
1559 1544 1652 1590 vidi,
1683 1555 1755 1579 non
1779 1550 1895 1580 tamen

275 1611 393 1644 dubito
418 1612 500 1655 quin
525 1611 634 1643 salsus
660 1612 705 1644 sit
729 1610 925 1655 Fabricius,
951 1612 1010 1656 qui
1034 1615 1058 1645 t.
1082 1611 1124 1645 ΙΙ.
1150 1622 1183 1656 p.
1207 1618 1251 1646 33
1277 1610 1423 1644 Henrici
1447 1609 1541 1645 Petri
1566 1610 1718 1644 editione
1743 1609 1896 1645 Platonis

276 1676 456 1720 2exceptis
480 1674 595 1709 Procli
626 1676 884 1709 commentariis
910 1675 1155 1710 Valderianam
1180 1676 1347 1720 exprimi«
1375 1675 1473 1721 dicit,
1511 1684 1578 1721 qua
1607 1675 1644 1708 in
1672 1684 1712 1709 re
1743 1684 1823 1708 cum
1852 1685 1896 1710 eo

273 1741 449 1774 consentit
478 1739 639 1774 Ebertus.
705 1739 866 1784 Nuperus
890 1739 1026 1774 Timaei
1056 1740 1169 1774 editor
1201 1740 1244 1773 de
1270 1739 1384 1774 Procli
1409 1749 1515 1784 opere
1541 1739 1718 1784 disputans
1746 1739 1896 1785 »prodiit

274 1810 411 1840 autem«
440 1805 550 1850 inquit
577 1804 651 1837 »sic
676 1804 899 1849 inscriptum:
926 1804 1041 1838 Procli
1054 1803 1328 1838 Commentarius
1354 1804 1389 1837 in
1409 1803 1588 1837 Timaeum
1604 1802 1707 1837 Basil.
1725 1811 1816 1839 1534
1833 1804 1895 1840 fol.

274 1871 437 1906 Accessit
450 1871 554 1904 etiam
568 1869 710 1903 editioni
725 1870 878 1914 Operum
892 1869 1150 1904 Platonicorum
1163 1868 1355 1903 Basileensi
1367 1869 1561 1914 secundae,
1587 1879 1614 1903 s.
1629 1869 1892 1905 valderianae.-

273 1936 389 1971 Velim
414 1939 576 1969 accurate
602 1934 791 1968 indicasset
816 1934 860 1968 de
886 1933 1065 1969 duabusne
1091 1945 1136 1968 an
1161 1934 1204 1968 de
1231 1944 1300 1968 una
1324 1933 1551 1980 disputaverit
1576 1933 1745 1979 editione,
1776 1945 1897 1980 quum-

274 2014 340 2047 que
364 2013 437 2036 non
461 2005 557 2035 essct
581 1999 744 2034 credibile
771 2010 841 2034 uno
871 2011 963 2034 anno
989 2000 1120 2045 Procli,
1158 2000 1259 2044 cujus
1289 2001 1522 2045 apographum
1552 2003 1683 2033 tantum
1709 2000 1895 2044 Grynaeus

273 2067 410 2102 videtur
438 2065 616 2110 habuisse,
654 2063 812 2098 Basileae
843 2065 929 2099 duas
959 2065 1130 2110 prodiisse
1161 2064 1333 2099 editiones
1369 2066 1491 2098 saltem
1522 2063 1662 2097 officina
1697 2067 1732 2098 et
1762 2065 1793 2098 si
1820 2064 1895 2099 fieri

272 2133 385 2177 potuit
408 2132 538 2166 mensis
568 2136 604 2164 ct
633 2130 707 2164 dics
738 2130 886 2174 perfecti
916 2131 1032 2175 operis
1062 2130 1268 2164 indicandus
1298 2130 1387 2171 fuit3
1437 2139 1546 2174 nunc,
1584 2139 1689 2174 quum
1718 2129 1831 2164 editor
1859 2134 1895 2164 et

271 2196 374 2242 hujus
400 2196 452 2230 rei
475 2205 593 2230 curam
619 2194 785 2239 abjecerit
817 2198 852 2228 et
880 2195 916 2228 in
942 2195 1144 2230 universum
1169 2194 1284 2230 Procli
1315 2194 1563 2229 commentario
1587 2203 1707 2239 parum
1731 2197 1894 2229 accurate

271 2273 357 2297 usus
382 2263 445 2307 sit,
470 2271 514 2295 ne
539 2262 621 2294 mihi
645 2264 854 2295 succenseat
879 2264 997 2294 extare
1024 2260 1196 2305 ejusmodi
1221 2261 1431 2305 peculiarem
1456 2243 1645 2294 editionem
1669 2260 1764 2293 nullo
1787 2259 1893 2293 modo

272 2328 438 2362 credenti.
490 2325 563 2360 Res
588 2325 680 2359 enim
704 2324 795 2359 haud
821 2324 923 2359 dubie
943 2325 1029 2358 haec
1051 2330 1127 2359 est:
1153 2330 1190 2360 et
1206 2326 1242 2358 in
1265 2325 1364 2359 titulo
1387 2329 1423 2359 et
1444 2325 1480 2359 in
1503 2324 1659 2369 Grynaei
1679 2324 1893 2369 praefatione
