2117 2783
1041 151 1088 187 16

254 253 297 286 de
316 252 470 287 Platonis
492 261 563 296 rep.
585 249 775 296 penultima
791 251 861 294 est,
884 248 957 283 ullo
980 248 1091 285 verbo
1114 249 1237 295 tetigit.
1274 247 1389 291 Quam
1406 252 1524 285 tamen
1541 250 1572 284 si
1592 250 1630 284 in
1649 258 1751 284 usum
1772 260 1874 287 suum

253 322 463 352 convertere
496 315 683 359 voluisset,
721 324 792 348 non
825 317 957 347 tantum
989 315 1026 347 in
1061 302 1182 349 eorum
1218 314 1524 360 reprehensionem
1558 323 1629 349 non
1658 315 1874 361 incurrisset,

253 382 377 429 quibus
406 382 464 416 vel
494 383 573 414 ante
604 380 663 414 vel
692 383 772 425 post
806 377 947 412 doctum
980 378 1076 411 illum
1107 380 1221 414 virum
1254 377 1390 414 levibus
1420 379 1631 424 argumentis
1666 379 1873 413 contrariam

253 447 460 482 sententiam
483 444 630 491 probare
655 445 801 490 placuit,
826 452 1031 489 quamquam
1055 452 1128 476 non
1152 446 1268 479 omnia
1292 445 1418 494 scripta
1442 454 1530 490 quae
1554 444 1620 479 hac
1645 443 1690 478 de
1714 454 1753 478 re
1780 443 1874 478 edita

253 516 333 548 sunt
363 520 565 557 comparare
595 509 678 544 mihi
708 509 822 555 potui,
859 507 923 542 sed
954 508 1095 541 omnino
1125 510 1235 544 multo
1267 511 1396 545 rectius
1428 510 1599 556 insignem
1629 510 1724 543 illum
1757 510 1874 543 locum

251 578 488 622 tractavisset,
514 586 627 621 neque
647 573 829 609 statuendo
847 571 930 606 boni
947 572 1077 619 ideam,
1103 583 1205 619 quam
1231 584 1251 608 a
1269 574 1338 610 deo
1363 574 1501 610 differre
1526 585 1596 610 non
1613 574 1705 620 vult,
1732 580 1765 609 et
1779 573 1874 620 cogi-

253 642 392 678 tatione
416 640 562 688 concipi
584 646 617 674 et
641 651 715 673 vere
739 651 786 673 ac
807 650 873 686 per
896 650 935 673 se
958 645 1095 676 extare,
1120 639 1200 673 vel:
1230 638 1357 674 ideam
1380 639 1470 676 boni
1491 653 1562 675 esse
1586 640 1706 687 ipsum
1735 637 1872 673 bonum

251 707 405 742 essentia
426 705 650 754 praeditum,
670 703 801 750 justam
818 703 1079 750 reprehensioni
1100 712 1220 738 ansam
1236 703 1463 750 praebuisset.
1514 705 1658 742 Proclus
1681 704 1774 739 enim
1791 714 1871 739 cum

250 775 286 806 iu
313 773 514 806 universum
539 774 647 804 totam
677 770 770 802 illam
808 769 999 802 doctrinam
1031 768 1073 802 de
1103 767 1209 814 ideis,
1249 768 1489 814 perdifficilem
1524 780 1626 817 sane,
1663 776 1764 806 acute
1793 781 1886 816 perv

250 842 389 882 tractat,
416 840 488 870 tum
507 836 549 870 de
565 845 607 869 ea
623 833 703 867 idea
720 833 818 879 boni,
843 844 932 879 quae
958 833 1044 868 deus
1069 837 1141 879 est,
1166 834 1265 868 aliter
1289 844 1370 869 esse
1391 833 1618 879 judicandum
1643 846 1745 883 quam
1769 836 1872 871 hodie

251 903 326 936 tieri
351 902 440 934 solet
466 900 548 933 satis
578 899 771 943 perspicuis
797 899 1008 941 argumentis
1033 900 1228 932 luculenter
1252 898 1367 932 docet.

349 965 418 999 Sed
445 965 475 998 si
501 964 576 1009 quis
602 973 715 1008 neque
742 972 863 997 eorum
885 961 1057 1006 judicium
1074 963 1229 997 virorum
1254 963 1313 1009 qui
1328 962 1491 998 Proclum
1508 963 1649 999 scholae
1666 966 1873 1011 platonicae,

252 1041 340 1077 quae
363 1035 436 1064 tum
454 1029 602 1063 Athenis
623 1026 786 1072 florebat,
811 1037 977 1072 praeesse
1002 1029 1188 1063 voluerunt
1213 1038 1425 1074 agnoscenS,
1449 1039 1564 1075 neque
1582 1028 1708 1064 Marini
1729 1030 1874 1065 Suidac-

251 1108 317 1143 que
350 1095 559 1130 testimoniis
588 1092 693 1128 fidem
723 1091 872 1138 habens,
910 1103 1023 1139 neque
1060 1092 1229 1128 editorem
1265 1094 1590 1128 commentariorum
1623 1094 1660 1128 in
1693 1093 1875 1130 Timaeum

252 1162 463 1206 Por-tumque
503 1169 646 1204 curans,
684 1168 829 1203 quorum
867 1159 953 1191 alter
982 1159 1308 1193 commentariorum
1337 1160 1474 1193 illorum
1509 1158 1616 1194 libros
1655 1158 1789 1204 ἁπάσης
1811 1162 1875 1204 τῆς

252 1227 458 1270 φιλοσοφίας
487 1227 544 1268 τῆς
575 1223 727 1261 παλαιᾶς
755 1221 935 1270 θησαυρὸν
965 1233 1046 1258 esse
1077 1222 1177 1269 dicit,
1214 1225 1300 1258 alter
1328 1224 1366 1258 in
1395 1224 1611 1270 praefatione
1641 1224 1805 1260 librorum
1830 1224 1874 1259 de

250 1292 425 1335 theologia
450 1290 603 1324 Platonis
629 1299 650 1322 a
675 1299 714 1322 se
741 1288 927 1334 editorum,
957 1289 1011 1322 »si
1036 1289 1113 1334 quis
1137 1299 1269 1334 vero,«
1300 1289 1426 1335 inquit,
1463 1293 1576 1335 »quot
1599 1290 1635 1323 in
1658 1291 1735 1324 istis
1760 1290 1875 1325 Procli

251 1355 460 1390 doctissimis
486 1353 580 1387 libris
604 1354 717 1387 lineae
743 1354 905 1398 leguntur
928 1353 1178 1400 propemodum
1203 1357 1255 1388 tot
1279 1363 1403 1388 aureas
1429 1355 1620 1388 sententias
1638 1364 1718 1389 esse
1736 1354 1873 1400 dixerit,

252 1421 484 1467 superlatione
511 1418 650 1465 quidem
674 1420 724 1453 uti
749 1417 940 1465 videbitur,
966 1418 1008 1453 ab
1033 1419 1110 1465 ipsa
1134 1423 1250 1453 tamen
1266 1419 1415 1454 veritate
1432 1429 1503 1453 non
1520 1421 1642 1466 procul
1658 1418 1873 1455 aberrabit-2

252 1488 281 1520 si
307 1487 383 1531 quis
408 1486 510 1529 igitur
539 1494 582 1518 ea
611 1485 727 1517 omnia
753 1488 973 1530 aspernatus,
1012 1495 1181 1530 »prorsus
1209 1483 1486 1519 intolerabilem·
1524 1485 1674 1520 fortasse
1699 1484 1876 1531 judicans,

255 1551 442 1597 „prolixam
468 1549 729 1595 loquacitatem,
754 1559 842 1594 quae
866 1551 1025 1595 legentes
1050 1559 1121 1584 non
1144 1550 1261 1595 possit*
1271 1559 1343 1584 non
1361 1550 1506 1595 fatigare
1525 1560 1567 1584 ac
1584 1560 1692 1596 prope
1711 1560 1873 1595 enecare,

250 1616 452 1662 praesertim
491 1625 596 1659 quum
632 1613 745 1648 bonus
782 1613 926 1649 Proclus
964 1616 1170 1660 allegoricae
1208 1616 1482 1661 interpretationi
1518 1626 1684 1662 perquam
1720 1616 1874 1650 insulsae

252 1680 393 1715 mirifice
420 1679 636 1725 indulgeat«,
668 1678 783 1714 Procli
807 1679 930 1713 merita
954 1682 1055 1725 plane
1081 1680 1266 1726 despiciat,
1297 1682 1434 1726 qualem
1458 1684 1576 1715 tamen
1600 1681 1873 1726 despicientiam,

251 1757 357 1791 quum
376 1745 525 1779 diversis
550 1744 689 1789 quidem
714 1749 789 1778 orta
814 1755 893 1778 esse
910 1746 1023 1790 possit
1039 1746 1172 1790 causis,
1196 1756 1342 1790 magnae
1367 1747 1614 1791 intelligentiae
1639 1746 1873 1780 testimonium

251 1822 330 1846 esse
357 1821 424 1856 ego
449 1820 519 1844 non
546 1808 776 1851 crediderim3
814 1808 851 1843 id
876 1812 971 1843 certe
997 1819 1102 1844 nemo
1132 1809 1271 1855 negabit
1294 1811 1481 1845 multorum
1504 1802 1692 1845 lectionem
1715 1812 1873 1844 locorum

215 1878 219 1886 ⁴
251 1878 361 1923 qualis
390 1877 456 1909 illis
486 1874 699 1921 temporibus
733 1875 838 1909 fuerit
869 1885 914 1908 ex
938 1874 1052 1909 Procli
1082 1876 1219 1920 scriptis
1250 1876 1325 1909 erui
1349 1886 1473 1922 posse,
1510 1886 1598 1922 quae
1629 1877 1659 1911 si
1683 1877 1767 1910 nihil
1791 1875 1872 1910 boni

251 1946 431 1987 praeterea
454 1940 637 1987 haberent,
661 1941 719 1975 vel
738 1942 846 1974 solam
868 1940 957 1973 hanc
983 1939 1028 1974 ob
1053 1950 1193 1975 causam
1219 1950 1316 1975 suam
1341 1939 1407 1975 sibi
1431 1941 1603 1987 quandam
1632 1951 1751 1975 curam
1774 1944 1871 1975 recte

252 2009 472 2052 postularent.
614 1989 625 2001 ⁶

348 2073 469 2117 Neque
495 2076 612 2105 tamen
638 2070 863 2105 omittendum
889 2074 944 2105 est
961 2070 1121 2105 Proclum
1147 2081 1252 2117 saepe
1278 2072 1453 2117 platonica
1476 2069 1585 2107 verba
1602 2072 1653 2105 sic
1670 2071 1729 2106 vel
1740 2070 1871 2111 afferre

252 2138 310 2172 vol
338 2137 483 2171 orationi
509 2146 592 2170 suae
606 2137 790 2183 intexere,
816 2140 854 2171 ut
877 2136 957 2171 inde
984 2137 1041 2183 qui
1070 2147 1174 2189 yeras
1199 2136 1352 2172 Platonis
1377 2138 1547 2172 lectiones
1572 2138 1752 2183 explorare
1777 2138 1873 2182 cupit

253 2215 372 2249 parurn
409 2203 562 2236 utilitatis
594 2213 720 2247 capere
752 2208 864 2248 queat.
927 2202 1015 2237 Nam
1047 2203 1140 2249 quod
1170 2199 1286 2248 logica
1314 2204 1512 2239 Aristotelis
1549 2204 1676 2250 scripta
1708 2203 1870 2238 facillime

251 2269 436 2303 edidicisse
464 2268 573 2301 fertur
598 2266 724 2314 (ῥᾷστα
750 2266 965 2311 ἐξε,ιιιὲνι9αιέ
990 2268 1150 2314 Mario),
1175 2268 1211 2302 id
1236 2270 1266 2302 si
1291 2270 1419 2315 scripta
1442 2267 1550 2315 ipsius
1575 2270 1720 2307 consero
1745 2279 1789 2302 eo
1812 2279 1871 2303 me

218 2383 225 2388 ,
251 2335 406 2378 adducit,
434 2339 471 2368 ut
496 2332 637 2368 credam
664 2333 815 2367 Platonis
841 2324 948 2378 opera
972 2334 1061 2368 adeo
1087 2335 1120 2368 ci
1145 2333 1254 2368 fuisse
1280 2333 1475 2380 familiaria,
1500 2339 1537 2368 ut
1561 2335 1591 2369 si
1616 2327 1687 2369 non
1711 2344 1790 2369 raro
1814 2335 1874 2369 hic
