2117 2783
991 140 1041 176 25

157 239 317 277 «afim.
345 236 1288 287 zuffinepzwinoenosfflicpamwcwem
1324 235 1537 282 εῐνέγυνεν,
1572 235 1822 284 nazaren,-

172 252 374 348 ξςλοτι,
397 303 505 342 θεούς
524 305 736 352 παρασαλεῒν
760 294 855 348 (sic)'
873 305 935 337 κἀὶ
958 301 1056 340 θεάς.
1092 302 1150 337 Ad
1165 302 1424 348 intelligendum
1441 304 1558 338 locum
1582 303 1677 350 quod
1699 304 1823 339 attinet

206 380 314 406 unum
337 369 423 405 illud
444 378 592 416 mone0,
614 379 757 406 causam
781 379 865 405 esse
887 368 1015 402 nullam
1039 377 1103 403 cur
1125 371 1258 404 statuas
1281 366 1511 414 Porphyrium
1535 372 1572 404 et
1591 367 1822 405 Jamblichum

205 441 242 471 et
257 435 419 471 Proclum
443 439 514 470 tam
537 434 681 471 hebetes
704 435 815 470 fuisse
839 437 879 469 ut
896 434 1124 480 nesciverint,
1148 433 1232 480 quid
1255 433 1302 468 sit
1326 432 1533 469 discriminis
1555 435 1647 470 inter
1669 432 1762 480 ἢ-ἤ
1785 439 1822 470 et

204 497 429 547 κόπρον-ἥ·
1281 496 1286 500 ’

302 565 430 600 Lem
454 566 477 600 3
502 578 535 612 p.
555 571 599 601 67
626 575 677 610 pr.
697 564 722 599 f.
754 564 875 610 (signa
901 574 1023 611 parum
1047 567 1210 598 accurate
1244 566 1325 598 sunt
1355 563 1492 609 posita)
1517 565 1673 599 continet
1696 564 1821 600 verba:

206 627 506 675 ἀνάγκη-εἰπεῖν
529 642 562 676 p.
577 636 623 666 27
647 629 686 665 C.
734 629 820 665 Post
843 628 977 665 branna.
1002 633 1039 664 et
1062 631 1144 675 post
1166 629 1247 662 νοῦν
1269 629 1451 664 commatis
1474 629 1730 676 interpunctum
1754 636 1821 677 est,

205 695 355 730 deinde:
380 695 412 730 δ’
428 695 532 740 ἡμῖν,
556 695 620 730 sed
643 695 767 730 eadem
790 706 825 741 p.
849 696 908 730 lin.
925 701 945 731 8
963 705 985 729 a
1001 695 1026 729 f.
1052 695 1156 741 plene
1181 694 1347 739 scriptum
1370 697 1427 728 est
1450 692 1487 728 δὲ
1509 693 1570 739 ἦμ.

302 760 430 795 anm
456 761 478 795 4
502 772 536 808 p.
556 767 600 797 68
626 761 782 796 continet
809 758 939 796 verba:
974 762 1034 794 καὶ
1065 759 1110 793 τὰ
1139 760 1254 804 μὲν-
1269 757 1484 804 ἐνδειξαίμην
1506 770 1539 805 p.
1558 766 1603 796 27
1630 760 1675 795 D.
1736 761 1821 797 Post

205 824 305 860 θεῶν
335 830 372 861 et
400 829 481 873 post
508 827 696 875 παρακεκλ.
724 826 906 861 commatis
940 827 1196 872 interpunctum
1229 828 1300 870 est,
1337 829 1418 871 post
1453 827 1689 872 παρακλητέον
1716 828 1820 863 inter-

205 892 347 936 punctio
370 892 486 934 nulla3
523 891 639 936 ταῦθη
662 892 702 936 *)
726 902 790 938 pro
814 891 943 936 ταύτῃ,-
966 888 988 936 ἦ
1011 895 1158 936 utroque
1182 891 1263 925 loco
1288 890 1339 924 sic
1364 891 1441 925 sine
1467 902 1481 924 ι
1504 874 1661 933 subse-[3
1699 891 1737 926 δὲ
1759 892 1820 938 ἥμ.

203 957 307 1001 plene
332 957 520 1002 scriptum;
556 956 698 1001 μάθητε
720 966 785 1002 pro
810 955 986 1000 μάθοιτες
1022 954 1177 1000 μάλιστα
1195 959 1277 1002 περί
1296 956 1428 990 omisso
1453 953 1508 989 ἄν.

301 1020 430 1056 Lam
453 1022 478 1057 5
501 1032 535 1067 p.
555 1027 600 1057 68
625 1022 684 1056 lin.
705 1027 749 1057 18
774 1031 796 1055 a
818 1021 876 1055 fin.
901 1024 1012 1055 totum
1032 1020 1101 1054 hoc
1125 1023 1201 1054 est:
1251 1018 1342 1054 ἔστιν
1374 1017 1435 1054 οὖν
1466 1020 1507 1065 δὴ
1536 1022 1628 1055 κατά
1657 1033 1706 1065 γε
1736 1021 1822 1067 ἐμὴν

204 1084 330 1129 δόξαν,
355 1078 568 1133 πρότερον
590 1085 778 1134 διαιρετέον
802 1085 895 1120 τάδε.
919 1097 952 1131 p.
968 1092 1012 1121 27
1026 1084 1070 1119 D.
1117 1084 1245 1119 Bekk.:
1269 1089 1346 1117 κατ’
1370 1083 1457 1129 ἐμὴν
1480 1084 1511 1119 δ.
1536 1088 1683 1132 πρῶτον.

301 1149 430 1185 Linum
454 1151 479 1185 6
502 1162 535 1197 p.
551 1157 596 1187 69
613 1151 672 1185 lin.
689 1158 708 1187 5
735 1161 757 1185 a
779 1150 835 1186 fin.
862 1150 1017 1185 continet
1041 1147 1171 1185 verba:
1196 1153 1234 1183 τί
1253 1148 1344 1183 16-
1357 1146 1527 1184 οὐδέποτε.
1552 1161 1585 1196 p.
1600 1157 1645 1187 27
1663 1150 1707 1186 D.
1733 1150 1823 1195 ἔχων

205 1225 268 1261 pro
298 1214 396 1259 ἔχον,
432 1211 581 1251 deinde:
619 1219 653 1250 τὶ
682 1216 722 1251 τὸ
753 1216 941 1261 γενόμενον
969 1217 1054 1260 μὲν,
1085 1213 1136 1250 ὃν.
1189 1214 1228 1250 P.
1249 1222 1306 1260 74,
1325 1222 1346 1251 8
1373 1219 1409 1250 et
1435 1222 1492 1262 84,
1514 1223 1559 1252 27
1585 1217 1678 1251 hunc
1707 1218 1823 1252 locum

203 1279 358 1315 afferens
382 1291 427 1315 eo
451 1284 584 1316 tantum
613 1291 634 1315 a
657 1280 873 1316 Bekkeriana
898 1280 1049 1316 editione
1073 1279 1223 1326 recedit,
1260 1280 1354 1326 quod
1377 1284 1458 1326 post
1480 1282 1689 1326 γιγνόμενον
1714 1282 1823 1318 verba

205 1348 283 1390 μὲν
308 1343 382 1379 αἐί
405 1347 531 1381 omittit
543 1358 553 1388 ;
589 1347 626 1380 in
654 1357 740 1393 quo,
776 1351 815 1381 ut
844 1346 888 1381 de
918 1347 1059 1393 reliquis
1088 1350 1242 1391 taceam,
1281 1345 1441 1389 vocabuli
1468 1351 1536 1390 μέν
1563 1349 1822 1392 praetermissio

205 1410 354 1445 fortasse
379 1420 451 1445 non
472 1411 589 1456 magni
611 1411 793 1454 facienda3
829 1412 958 1457 legisse
982 1414 1099 1446 autem
1123 1410 1284 1446 Proclum
1308 1420 1380 1444 non
1402 1411 1590 1456 γενόμενον
1613 1412 1678 1447 sed
1701 1414 1824 1457 γιγνό-

206 1486 311 1519 μενον
334 1486 406 1510 11011
429 1476 466 1510 hi
489 1479 621 1510 tantum
645 1477 716 1511 loci
738 1487 796 1511 me
820 1476 996 1511 adducunt
1024 1480 1063 1512 ut
1094 1476 1251 1521 credam,
1293 1476 1357 1510 sed
1393 1476 1478 1510 illud
1514 1478 1619 1511 etiam
1656 1478 1750 1523 quod
1786 1480 1824 1513 in

216 1540 448 1586 explicatione
476 1550 566 1587 quae
595 1551 700 1587 supra
727 1540 879 1576 indicato
907 1542 1061 1576 lemmati
1085 1540 1201 1575 addita
1224 1544 1280 1575 est
1307 1549 1418 1586 paene
1448 1551 1587 1588 semper
1614 1542 1680 1576 hac
1710 1542 1825 1578 forma
1893 1541 1907 1553 '

205 1606 321 1640 utitur.
383 1605 455 1640 Sed
478 1607 652 1652 posterius
677 1603 734 1640 ἆεί
752 1609 843 1642 male
868 1617 980 1653 nuper
1003 1606 1157 1642 Platonis
1181 1605 1299 1642 verbis
1323 1605 1476 1641 additum
1500 1617 1581 1657 esse
1605 1607 1752 1643 Proclus
1775 1609 1825 1644 ita

205 1671 312 1706 docet
325 1676 364 1706 ut
387 1671 497 1706 simul·
514 1675 551 1707 et
573 1682 720 1707 causam
731 1682 794 1707 cur
809 1682 831 1707 a
848 1671 1051 1719 quibusdam
1067 1673 1198 1707 illatum
1219 1672 1265 1707 sit
1280 1672 1525 1719 intelligamus,
1549 1676 1587 1708 et
1604 1672 1649 1708 de
1665 1678 1825 1720 tempore

207 1737 275 1771 orti
291 1736 515 1772 additamenti
531 1737 769 1782 conjecturam
780 1738 899 1772 facere
917 1739 1114 1784 possimus3
1139 1736 1248 1773 verba
1260 1738 1338 1783 ejus
1356 1738 1405 1783 (p.
1422 1745 1479 1783 71,
1495 1744 1515 1773 8
1527 1748 1551 1772 a
1561 1738 1605 1782 f.)
1623 1739 1709 1773 haec
1727 1744 1823 1774 sunt:
1876 1743 1889 1757 ⁸

206 1800 298 1835 διατῐ
322 1802 409 1845 (sic)
434 1798 495 1836 οὖν
518 1804 604 1845 φασὶ
626 1801 677 1846 μὴ
695 1801 902 1849 προςέθηκε,
927 1802 967 1837 τὸ
985 1799 1038 1837 ἀεὶ
1057 1805 1118 1837 καὶ
1135 1802 1175 1837 τὸ
1192 1803 1412 1847 γιγνόμενον,
1436 1799 1546 1850 ὥςπερ
1564 1803 1603 1837 τὸ
1622 1802 1663 1837 ὂν
1687 1804 1822 1850 (legen-

207 1867 290 1901 dum
308 1866 467 1901 videtur:
492 1868 550 1912 τῷ
572 1877 663 1909 γιγν.
688 1864 798 1913 ὥςπερ
821 1868 879 1912 τῷ
903 1864 978 1909 ὄν),
1003 1866 1025 1909 ἢ
1047 1867 1102 1908 τῦ,
1125 1871 1221 1908 ποτέ,
1244 1866 1303 1901 ἵνα
1325 1866 1417 1899 κατὰ
1438 1869 1510 1900 πᾶν
1532 1867 1616 1913 nocis·
1640 1868 1681 1902 τὰ
1705 1866 1759 1902 αἐὶ
1781 1866 1822 1902 ὃν

207 1928 399 1969 ἀντιθέτως
421 1929 491 1976 ἔχῃ.
523 1928 545 1974 ἢ
568 1932 667 1965 τοῦτο
690 1930 775 1978 πρὸς
798 1930 858 1974 τὴν
881 1931 984 1973 φύσιν
1007 1932 1067 1964 τοῦ
1090 1934 1297 1975 γιγνομένου
1319 1931 1475 1974 ποικίλην
1497 1928 1604 1966 οὖσαν
1628 1930 1650 1965 ὅ
1671 1933 1822 1967 Πλάτων
1876 1934 1887 1947 ⁰

209 1993 343 2030 ἀπιδών
367 1995 624 2041 ἐμηχανήσατο,
657 1998 717 2029 καὶ
747 1995 787 2030 τό
811 2000 914 2037 ποτέ,
950 1998 1010 2029 καὶ
1048 1995 1087 2029 τό
1125 1992 1179 2029 ἀεὶ
1213 1997 1275 2029 τοῦ
1304 2000 1511 2040 γιγνομένων
1544 1998 1729 2043 περιελών.
1779 1998 1823 2032 τὰ

209 2062 274 2104 μὲν
297 2061 366 2106 γὰρ
391 2058 460 2094 ὅλα
482 2064 636 2104 γίγνεται
660 2057 732 2102 αέί,
756 2060 801 2094 τὰ
825 2059 862 2094 δὲ
884 2064 972 2107 μέρη
995 2064 1080 2094 ποτέ
1100 2071 1134 2094 κ.
1159 2071 1189 2094 τ.
1213 2060 1247 2094 λ.
1296 2060 1336 2094 111
1360 2063 1449 2103 φασί
1469 2059 1665 2106 subJectum
1683 2062 1824 2098 videtur

209 2136 291 2160 esse
316 2124 349 2158 οἱ
372 2127 532 2167 παλαιοί,
568 2125 661 2172 quod
685 2126 716 2160 si
744 2130 841 2160 recte
866 2129 980 2160 statuo
1007 2125 1080 2170 jam
1104 2124 1165 2160 diu
1193 2129 1272 2159 ante
1297 2124 1412 2160 Procli
1437 2130 1587 2161 aetatem
1615 2128 1822 2174 interpretes

209 2174 425 2236 corruptelae
451 2199 571 2225 ansam
593 2189 794 2237 praebuisse
818 2190 1056 2237 intelligimus,
1081 2190 1112 2225 si
1122 2191 1248 2237 minus,
1273 2189 1389 2226 Procli
1412 2190 1613 2238 aequalibus
1637 2193 1723 2227 haec
1747 2194 1823 2228 laus

280 2249 282 2251 “
1778 2245 1796 2264 Q

251 2326 284 2361 ¹¹¹)
304 2326 382 2356 Talia
401 2329 595 2357 tantummodo
615 2334 699 2358 enoto
717 2328 824 2367 nequid
843 2327 973 2359 omissum
991 2327 1128 2359 videatur.
