2117 2783
1029 168 1079 202 26

243 263 402 309 debetur.
454 265 491 300 Si
515 265 592 310 quis
617 264 722 298 etiam
746 264 842 309 prius
867 261 927 298 ἀεί
946 265 1147 312 impugnare
1169 265 1301 311 cupiat,
1324 265 1355 300 is
1373 269 1411 300 ut
1427 267 1572 302 meliora
1589 266 1758 303 doceatur
1774 270 1868 316 legat

243 330 360 366 Procli
384 333 569 364 comment.
595 340 628 375 p.
646 335 703 375 73,
719 335 762 365 13
782 339 854 375 seq.
1881 358 1895 376 ,

339 394 468 428 LEMMA
493 395 514 429 7
540 405 574 439 p.
592 401 636 430 73
651 395 807 428 continet
831 392 960 429 verba:
986 394 1027 427 τὸ
1050 397 1117 438 μὲν
1141 395 1181 440 δὴ
1195 418 1234 424 -
1250 392 1461 430 -οῧδέποπ
1485 395 1536 430 ὄν.
1562 408 1595 443 p.
1610 405 1654 434 27
1668 397 1702 432 D
1715 402 1809 433 et28
1823 398 1866 432 A.

243 459 312 495 Pro
336 458 428 494 κατα
452 455 561 493 ταῧτά
586 457 646 502 δν,
671 458 711 494 τὸ
737 458 768 494 δ’
781 456 825 493 αὖ
850 457 933 504 δόξῃ
958 459 1106 504 legitur:
1131 461 1224 495 κατὰ
1248 460 1291 496 τὰ
1316 457 1404 496 αὖτά
1427 458 1481 504 ὂν,
1504 463 1644 497 καὶτοῦ
1660 466 1869 507 γιγνομένου

245 525 338 571 δόξῃ.
389 524 508 560 Verba
525 537 557 559 κ.
576 528 638 560 τοῦ
656 537 746 569 γιγν.
773 525 935 560 Proclum
959 535 1031 559 non
1055 523 1218 561 habuisse
1245 528 1430 573 explicatio
1455 538 1543 574 quae
1569 528 1725 574 sequitur
1736 528 1869 574 reliqua

244 592 362 625 omnia
387 591 470 626 satis
494 590 633 625 firmans
658 594 778 636 aperte
804 589 926 636 docet,
958 590 1022 624 sed
1046 590 1129 636 quid
1154 600 1277 626 eorum
1300 593 1381 627 loco
1411 591 1566 627 habuerit
1589 602 1662 627 non
1686 592 1866 638 docemur,

243 668 358 702 neque
384 656 419 690 id
443 657 623 702 miremur,
661 656 776 690 statim
802 655 895 690 enim
920 654 963 689 ab
989 655 1086 689 initio
1111 656 1297 701 explicatio
1321 667 1446 693 manca
1471 662 1541 704 est,
1578 662 1616 693 ut
1640 663 1798 704 apertum
1823 659 1868 693 sit

243 722 359 766 aliqua
382 721 604 766 corruptione
629 721 722 755 hunc
746 722 864 769 locum
889 719 1053 755 affectum
1079 730 1175 766 esse,
1211 721 1319 756 nihilo
1344 725 1461 757 tamen
1486 723 1602 758 secius
1627 723 1730 768 digna
1753 723 1869 793 Procli

244 785 432 831 disputatio
457 790 512 820 est
537 795 626 832 quae
650 787 795 831 legatur.

340 849 469 886 LEMMA
493 851 519 886 8
542 861 575 897 p.
593 857 637 886 79
651 851 807 884 continet
819 848 947 885 verba:
973 851 1043 884 πᾶν
1066 848 1246 893 δὲ--οχεῖν
1268 862 1301 897 p.
1317 857 1363 887 28
1376 850 1421 886 A.
1459 851 1528 886 Pro
1541 850 1637 887 αὖτο
1654 854 1745 886 male
1764 848 1869 895 αὗτὸς

242 919 323 961 post
346 905 489 960 γιγνόῖι.
514 919 704 961 commate,
727 919 808 961 post
830 914 990 959 γίγνεσθ.
1015 919 1146 961 puncto
1172 915 1372 950 distinctum
1396 920 1460 950 est.

339 980 468 1015 me
492 982 516 1016 9
540 992 573 1027 p.
590 987 633 1016 81
661 981 818 1016 continet
841 979 951 1017 verba
974 977 1056 1014 ὅτου
1080 977 1248 1025 μὲν-οὖ
1271 981 1391 1015 καλόν.
1415 992 1448 1027 p.
1463 987 1508 1017 28
1522 981 1605 1016 Aet
1616 979 1655 1015 B.
1705 982 1774 1017 Pro
1787 979 1868 1016 ὅτου

244 1050 299 1080 est
323 1056 425 1089 owv‚·
461 1042 522 1080 οὖν
546 1046 715 1081 omissum
740 1051 812 1091 est,
836 1056 952 1092 neque
979 1045 1055 1090 ejus
1079 1046 1268 1091 particulae
1297 1047 1334 1079 in
1359 1047 1588 1092 explicatione
1613 1050 1748 1081 certum
1773 1057 1867 1081 com-

242 1116 342 1156 paret
353 1112 558 1157 vestigium,
583 1111 751 1145 omittitur
763 1111 867 1145 etiam
879 1122 912 1156 p.
928 1118 986 1157 95,
1004 1117 1046 1146 16
1061 1110 1120 1144 ubi
1136 1109 1244 1145 habes
1256 1111 1364 1145 haec:
1389 1108 1471 1145 ’ὅτου
1482 1113 1548 1156 μὲν
1560 1108 1604 1145 ἄν
1615 1109 1636 1145 ὅ
1650 1109 1868 1158 δημιουργὸς,

245 1178 305 1208 καὶ
330 1175 374 1208 τοὶ
398 1175 473 1219 ἑξῆς
496 1176 638 1209 τούτων.
688 1174 908 1209 Vocabulum
932 1172 991 1208 αἐι
1010 1179 1181 1209 commate
1195 1185 1217 1208 a
1232 1175 1374 1218 βλέπων
1389 1175 1598 1221 sejungitur,
1624 1176 1688 1210 sed
1699 1183 1807 1221 Ρ.,83,
1821 1183 1865 1212 28

244 1250 316 1286 seq.
344 1241 529 1286 exponitur
549 1239 766 1286 jungendum
790 1250 871 1274 esse
896 1250 977 1274 cum
993 1239 1107 1274 antcd.
1128 1240 1278 1274 maxime
1303 1250 1384 1274 cum
1407 1239 1526 1276 verbis
1549 1239 1640 1273 κατα
1656 1237 1764 1274 ταυτὰ
1779 1239 1868 1284 ἕχον.

242 1305 380 1339 Deinde
394 1307 542 1349 legitur:
561 1306 790 1350 προςχόμενος
799 1302 1121 1351 παραδειγματικὴν
1132 1302 1227 1338 ἰδέαν
1239 1315 1272 1338 κ.
1285 1317 1315 1339 τ.
1329 1303 1484 1349 δύναμην
1496 1305 1582 1348 (sic)
1596 1301 1701 1339 αῧτοῦ
1713 1302 1866 1352 α’περγά-

242 1372 335 1409 ζεται
348 1370 480 1411 -πᾶν,
505 1365 577 1403 οὔδ’
602 1366 646 1402 ἂν
669 1367 716 1406 εἷς
739 1366 778 1403 τὸ
804 1366 904 1412 γενός
928 1369 1015 1412 (sic)
1041 1372 1184 1417 γενητῷ.
1220 1370 1300 1405 Alia
1313 1369 1424 1403 exhis
1443 1369 1480 1402 in
1493 1369 1724 1414 explicatione
1739 1371 1866 1403 nullam

240 1434 369 1469 habent
393 1435 664 1480 correctionem,
689 1445 803 1480 neque
828 1444 1039 1480 magnopere
1065 1445 1109 1469 ea
1134 1439 1255 1481 egent,
1280 1435 1348 1469 alia
1372 1434 1591 1479 corriguntur
1605 1444 1639 1479 p.
1655 1439 1712 1480 83,
1731 1440 1775 1470 22
1790 1435 1865 1469 his:

242 1497 296 1532 διὸ
321 1501 381 1532 καὶ
405 1501 438 1532 τὶ
463 1499 545 1544 (leg.
561 1498 735 1541 διότικαὶ)
759 1498 821 1542 τήν
841 1497 936 1532 ἰδέαν
960 1497 1138 1540 ἐκάλεσεν,
1164 1498 1334 1543 ἑξομοιῶν
1358 1499 1409 1544 τῷ
1432 1497 1688 1544 παραδείγματι
1706 1496 1746 1532 τὸ
1764 1500 1867 1541 γενό-

240 1576 356 1609 μενον.
383 1568 419 1599 81
443 1565 500 1599 1111.
517 1571 585 1599 24:
624 1560 683 1598 διὰ
707 1567 743 1598 τί
763 1562 800 1598 δὲ
831 1562 887 1598 ἐπὶ
917 1565 984 1609 μὲν
1015 1566 1076 1599 τοῦ
1104 1560 1158 1598 a'sz
1189 1561 1291 1602 ὄντος
1321 1563 1467 1610 τοιούτῳ
1499 1563 1581 1607 φησὶ
1611 1561 1866 1609 παραδείγματι

238 1631 437 1675 χρώμενος,
470 1628 526 1664 ε’πι
558 1629 594 1663 δὲ
626 1631 687 1663 τοῦ
709 1629 893 1672 γεγονότος
922 1626 984 1663 οὒκ
1015 1628 1065 1664 ἔτι
1096 1632 1252 1664 τοιοῦτον
1281 1627 1503 1676 προςίθηκεν,
1529 1625 1606 1662 αλλ’
1638 1624 1715 1662 ἀντὶ
1745 1629 1866 1662 τούτου

243 1692 284 1728 τὸ
302 1694 444 1738 γενητᾶν
462 1693 642 1738 ἐπήγαγεν.
674 1692 760 1729 Post
778 1694 922 1740 τοιούτῳ
939 1693 1067 1729 habere
1085 1705 1125 1729 se
1139 1695 1230 1728 τινΓ
1220 1705 1258 1728 111
1279 1693 1395 1729 antcd.
1409 1697 1527 1739 aperte
1540 1692 1685 1728 Proclus
1702 1693 1863 1728 ostendit

169 1772 179 1783 ·
240 1760 282 1793 Iu
306 1759 443 1793 dissert.
471 1759 517 1792 ad
539 1758 640 1792 Polit.
665 1766 868 1803 p.379,12
896 1768 918 1791 a
941 1759 967 1792 f.
992 1759 1050 1792 hic
1079 1760 1180 1792 locus
1208 1757 1352 1792 affertur
1380 1758 1454 1791 sic:
1507 1755 1588 1791 οτον
1611 1757 1680 1804 γὰρ
1704 1755 1747 1791 ἂν
1770 1758 1819 1801 εἴη
1843 1757 1864 1792 ὅ

241 1823 467 1869 δημιουργὸς,
503 1821 550 1859 εἷς
573 1822 613 1856 τό
643 1822 735 1856 κατὰ
766 1821 809 1856 τοὶ
834 1819 923 1856 αὐτοὶ
953 1820 1034 1865 ἕχον
1053 1822 1203 1875 βλέπων
1235 1818 1289 1856 ἀεὶ
1321 1820 1381 1866 τήν
1411 1819 1506 1856 ἰδέαν
1536 1824 1596 1855 καὶ
1620 1821 1681 1865 τὴν
1704 1822 1864 1867 δύναμιν,

146 1926 158 1937 ·
197 1900 200 1903 ⁴
240 1886 474 1936 ἀπεργάζηται
496 1887 606 1921 καλᾶν
629 1883 826 1931 α’ξανάγκης
856 1887 956 1932 (sic),
987 1884 1096 1924 οὕτως
1118 1884 1364 1921 ἀποτελεῖσθαι
1388 1887 1457 1920 πᾶν
1481 1884 1530 1924 ὥς
1552 1885 1573 1920 ὅ
1602 1888 1748 1931 Τιμαιός
1771 1898 1862 1932 φησι

171 1967 175 1973 ·
241 1951 332 1988 οὕτω
358 1953 444 1996 (Sic)
478 1951 515 1987 δὲ
539 1949 584 1986 ἄν
606 1950 653 1990 εἰς
682 1951 782 1995 γενός
811 1951 900 1994 (sic)
931 1952 1065 1998 γενητῷ
1095 1950 1352 1998 παραδείγματι
1381 1951 1640 1997 προεκρώμενος
1670 1948 1711 1985 οὔ
1742 1953 1861 1986 καλόν.

243 2019 384 2064 Singula
409 2028 497 2064 quae
522 2019 559 2051 in
582 2018 636 2052 his
661 2021 742 2051 sunt
765 2017 850 2052 vitia
874 2017 1076 2061 percenseri
1100 2027 1248 2051 necesse
1274 2026 1346 2050 non
1370 2020 1433 2050 cst.

337 2083 466 2117 LEMMA
494 2083 539 2117 10
563 2093 596 2128 p.
619 2088 665 2117 83
690 2081 848 2116 continet
871 2079 1005 2116 verba:
1041 2078 1062 2114 ὅ
1087 2079 1128 2125 δὴ
1151 2077 1486 2124 πᾶς-ὠνομάσθω
1509 2091 1544 2126 Ρ.
1566 2086 1611 2115 28
1630 2079 1671 2113 Β.
1722 2080 1861 2115 Omisso

238 2150 300 2183 καὶ
325 2146 413 2182 ἄλλο
437 2153 472 2182 81
496 2145 541 2181 ἄν
564 2148 690 2192 legitur
714 2144 735 2191 ἢ
759 2143 814 2180 ὅτι
836 2147 920 2181 ποτὲ
944 2142 1044 2190 ὄνομ.
1068 2145 1245 2191 μάλιστα,
1276 2145 1401 2181 deinde
1426 2147 1529 2192 plene
1555 2146 1674 2187 τοῦτο,
1711 2144 1860 2191 denique

237 2211 446 2258 ὄνομᾶσθω.
496 2213 713 2247 Omissorum
736 2214 801 2244 καί
820 2215 856 2246 81
880 2207 925 2245 ἄν
948 2211 984 2244 111
1010 2211 1241 2256 explicatione
1257 2211 1442 2255 vestigium
1460 2220 1531 2243 non
1542 2210 1707 2251 inveni03
1732 2210 1860 2255 legisse

238 2275 355 2313 afitem
379 2278 543 2313 Proclum
568 2274 643 2310 ἄλλ’
661 2274 729 2318 &tt
754 2287 801 2311 ex
824 2288 858 2321 p.
879 2283 941 2321 83,
965 2283 1007 2311 12
1028 2286 1050 2309 a
1068 2277 1093 2310 f.
1112 2275 1277 2310 concludi
1298 2276 1396 2320 licet,
1427 2274 1535 2311 verba
1564 2274 1611 2310 ibi
1641 2278 1721 2310 sunt
1749 2275 1858 2309 haec:

238 2341 260 2378 ὅ
283 2344 351 2381 πᾶς
373 2338 561 2389 οὕρανός-
577 2336 816 2384 -ὄνομάσθω
841 2339 930 2383 (sic)
955 2338 1038 2384 ἡμῖν
1063 2338 1083 2372 ὅ
1107 2340 1257 2384 κόσμος,
1288 2336 1309 2383 ἢ
1333 2335 1409 2373 ἀλλ’
1422 2337 1480 2372 ὅτι
1498 2350 1580 2373 ποτε
1605 2336 1862 2383 ὀνομαζόμενος
